@article{CH3PES,
author              = { D. M. Medvedev and L. B. Harding and S. K. Gray },
title               = { Methyl radical: ab initio global potential surface, vibrational levels and partition function },
journal             = { Molecular Physics },
volume              = { 104 },
year                = { 2006 },
pages               = { 73-81 } }

