% Potentialflaeche

@article{CH3IFlaeche,
AUTHOR = {Y. Amatatsu and K. Morokuma and S. Yabushita},
TITLE  = {},
JOURNAL= {J. Chem. Phys.},
YEAR   = {1991},
VOLUME = {94},
PAGES  = {4858} }

@article{CH3IFlaeche2,
AUTHOR = {Y. Amatatsu and S. Yabushita and K. Morokuma },
TITLE  = {},
JOURNAL= {J. Chem. Phys.},
YEAR   = {1996},
VOLUME = {104},
PAGES  = {9783} }

@article{CH3IFlaeche3,
AUTHOR = {D. Xie and H. Guo and Y. Amatatsu and R. Kosloff },
TITLE  = {},
JOURNAL= {J. Phys. Chem. A},
YEAR   = {2000},
VOLUME = {104},
PAGES  = {1009} }

@article{CH3Flaeche,
AUTHOR = {P. Botschwina and J. Flesch and W. Meyer},
TITLE  = {},
JOURNAL= {Chem. Phys.},
YEAR   = {1983},
VOLUME = {74},
PAGES  = {321} }

@article{Buenker1,
AUTHOR = {A. B. Alekseyev and H.-P. Liebermann and R. J. Buenker and
S. N. Yurchenko},
TITLE  = {},
JOURNAL= {J. Chem. Phys.},
YEAR   = {2007},
VOLUME = {126},
PAGES  = {234102} }

@article{Buenker2,
AUTHOR = {A. B. Alekseyev and H.-P. Liebermann and R. J. Buenker},
TITLE  = {},
JOURNAL= {J. Chem. Phys.},
YEAR   = {2007},
VOLUME = {126},
PAGES  = {234103} }

@article{CH3Iabinitio1,
AUTHOR = {D. Aljitha and D. G. Fedorov and J. P. Finley and K. Hirao},
TITLE  = {detailed ab initio data prior to Buenker},
JOURNAL= {J. Chem. Phys.},
YEAR   = {2002},
VOLUME = {117},
PAGES  = {7068} }

@article{CH3Iabinitio2,
AUTHOR = {D. Aljitha and M. Wiezbowska and R. Lindh and P. A. Malmqvist},
TITLE  = {detailed ab initio data prior to Buenker},
JOURNAL= {J. Chem. Phys.},
YEAR   = {2004},
VOLUME = {121},
PAGES  = {5761} }

% Dynamik

@article{ShapiroBersohn,
AUTHOR = {M. Shapiro and R. Bersohn},
TITLE  = {},
JOURNAL= {J. Chem. Phys.},
YEAR   = {1980},
VOLUME = {73},
PAGES  = {3810} }

@article{Shapiro,
AUTHOR = {M. Shapiro},
TITLE  = {},
JOURNAL= {J. Phys. Chem.},
YEAR   = {1986},
VOLUME = {90},
PAGES  = {3644} }

@article{GuoSchatz,
AUTHOR = {H. Guo and G. C. Schatz},
TITLE  = {},
JOURNAL= {J. Chem. Phys.},
YEAR   = {1990},
VOLUME = {93},
PAGES  = {393} }

@article{Guo1,
AUTHOR = {H. Guo},
TITLE  = {3D},
JOURNAL= {Chem. Phys. Lett.},
YEAR   = {1991},
VOLUME = {187},
PAGES  = {360} }

@article{Guo2,
AUTHOR = {H. Guo},
TITLE  = {2D},
JOURNAL= {J. Chem. Phys.},
YEAR   = {1992},
VOLUME = {96},
PAGES  = {2731} }

@article{Guo3,
AUTHOR = {H. Guo},
TITLE  = {3D},
JOURNAL= {J. Chem. Phys.},
YEAR   = {1992},
VOLUME = {96},
PAGES  = {6629} }

% Experimente

@article{CH3Iexp1,
AUTHOR = {A. Gedanken and M. D. Rowe},
TITLE  = {Absorption Spectrum},
JOURNAL= {Chem. Phys. Lett.},
YEAR   = {1975},
VOLUME = {34},
PAGES  = {39} }

@article{CH3Iexp2,
AUTHOR = {A. T. J. B. Eppink and D. H. Parker},
TITLE  = {},
JOURNAL= {J. Chem. Phys.},
YEAR   = {1998},
VOLUME = {109},
PAGES  = {4758} }

@article{CH3Iexp3,
AUTHOR = {A. T. J. B. Eppink and D. H. Parker},
TITLE  = {},
JOURNAL= {J. Chem. Phys.},
YEAR   = {1999},
VOLUME = {110},
PAGES  = {832} }

@article{CH3Iexp4,
AUTHOR = {G. Li and Y. K. Shin and H. J. Hwang},
TITLE  = {},
JOURNAL= {J. Phys. Chem. A},
YEAR   = {2005},
VOLUME = {109},
PAGES  = {9226} }

@article{CH3Iexp5,
AUTHOR = {L. Rubio-Lago and A. Garcia-Vela and A. Arregui and G. A. Amaral and L. Banares},
TITLE  = {},
JOURNAL= {J. Chem. Phys.},
YEAR   = {2009},
VOLUME = {131},
PAGES  = {174309} }

@article{CH3Iexp6,
AUTHOR = {T. Suzuki and H. Kanimori and E. Hirota},
TITLE  = {},
JOURNAL= {J. Chem. Phys.},
YEAR   = {1991},
VOLUME = {94},
PAGES  = {6607} }

@article{CH3Iexp7,
AUTHOR = {R. Ogorzalek~Loo and H. P. Haerri and G.E. Hall and P. L. Houston},
TITLE  = {},
JOURNAL= {J. Chem. Phys.},
YEAR   = {1989},
VOLUME = {90},
PAGES  = {4222} }

@article{CH3Iexp8,
AUTHOR = {R. Ogorzalek~Loo and G.E. Hall and H. P. Haerri and P. L. Houston},
TITLE  = {},
JOURNAL= {J. Phys. Chem.},
YEAR   = {1988},
VOLUME = {92},
PAGES  = {5} }

@article{CH3Iexp9,
AUTHOR = {R. de~Nalda and J. Dura and A. Garcia-Vela and J. G. Izquierdo and J. Gonzalez-Vazqurez and L. Banares},
TITLE  = {},
JOURNAL= {J. Chem. Phys.},
YEAR   = {2008},
VOLUME = {128},
PAGES  = {244309} }

@article{CH3Iexp10,
AUTHOR = {R. de~Nalda and J. G. Izquierdo and J. Dura and L. Banares},
TITLE  = {},
JOURNAL= {J. Chem. Phys.},
YEAR   = {2007},
VOLUME = {126},
PAGES  = {021101} }

@article{CH3Iexp11,
AUTHOR = {J. Dura and R. de~Nalda and G. A. Amaral and L. Banares},
TITLE  = {},
JOURNAL= {J. Chem. Phys.},
YEAR   = {2009},
VOLUME = {131},
PAGES  = {134311} }

@article{CH3ISolRaman,
AUTHOR = {F. Markel and A. B. Myers},
TITLE  = {},
JOURNAL= {Chem. Phys. Lett.},
YEAR   = {1990},
VOLUME = {167},
PAGES  = {175} }

@article{CH3IRaman1,
AUTHOR = {K.Q. Lao and M.D. Person and P. Xayariboun and L.J. Butler},
TITLE  = {},
JOURNAL= {J. Chem. Phys.},
YEAR   = {1990},
VOLUME = {92},
PAGES  = {823} }

@article{CH3IRaman2,
AUTHOR = {G.E. Galica and B.R. Johnson and J.L. Kinsey and M.O. Hale},
TITLE  = {},
JOURNAL= {J. Phys. Chem.},
YEAR   = {1991},
VOLUME = {95},
PAGES  = {7994} }

@article{CH3IRaman3,
AUTHOR = {M.R. Wedlock and E. Jensen and L.J. Butler and K.F. Freed},
TITLE  = {},
JOURNAL= {J. Phys. Chem.},
YEAR   = {1991},
VOLUME = {95},
PAGES  = {8096} }

@article{CH3IRaman4,
AUTHOR = {P.G. Wang and L.D. Ziegler},
TITLE  = {},
JOURNAL= {J. Phys. Chem.},
YEAR   = {1993},
VOLUME = {97},
PAGES  = {3139} }

@article{CH3IRaman5,
AUTHOR = {M.O. Hale and G.E. Galica and S.G. Glogover and J.L. Kinsey},
TITLE  = {},
JOURNAL= {J. Phys. Chem.},
YEAR   = {1986},
VOLUME = {90},
PAGES  = {} }


