% Cl+CH4

%2D, RLM
@article{ClCH4red1,
AUTHOR = {H-G. Yu and G. Nyman and RB Walker},
TITLE  = {Reduced dimensionality quantum scattering calculations on the Cl+CH$_4$ $\to$ HCl+CH$_3$ reaction},
JOURNAL= {J. Chem. Phys.},
YEAR   = {1998},
VOLUME = {109},
PAGES  = {5896-5904} }

%3D
@article{ClCH4red2,
AUTHOR = {H-G. Yu and G. Nyman},
TITLE  = {Three-dimensional quantum scattering calculations on the Cl+CH$_4$ $\to$ HCl+CH$_3$ reaction},
JOURNAL= {Phys. Chem. Chem. Phys.},
YEAR   = {1999},
VOLUME = {1},
PAGES  = {1181-1190} }

%4D, RBU
@article{ClCH4red3,
AUTHOR = {H-G. Yu and G. Nyman},
TITLE  = {A four dimensional quantum scattering study of the Cl+CH$_4$ $\to$ HCl+CH$_3$ reaction via spectral transform iteration},
JOURNAL= {J. Chem. Phys.},
YEAR   = {1999},
VOLUME = {110},
PAGES  = {7233-7244} }

%3D, triatomic model + adiabatic bend
@article{ClCH4red4,
AUTHOR = {S. Skokov and J. M. Bowman},
TITLE  = {Quantum calculations of the effect of bend excitation in methane on the HCl rotational distribution in the reaction CH$_4$+Cl $\to$ CH$_3$+HCl},
JOURNAL= {J. Chem. Phys.},
YEAR   = {2000},
VOLUME = {113},
PAGES  = {4495-4497} }

% new red.-dim. PES
@article{ClCH4red5,
AUTHOR = {H-G. Yu and G. Nyman},
TITLE  = {Reaction dynamics of chlorine atom with methane: Dual-level ab initio analytic potential energy surface and isotope effects},
JOURNAL= {J. Chem. Phys.},
YEAR   = {1999},
VOLUME = {111},
PAGES  = {6693-6704} }

@article{ClCH4red6,
Author = {Zhang, Zhaojun and Zhou, Yong and Zhang, Dong H. and Czako, Gabor and Bowman, Joel M.},
Title = {Theoretical Study of the Validity of the Polanyi Rules for the Late-Barrier Cl+CHD$_3$ Reaction},
Journal = {J. Phys. Chem. Lett.},
Year = {2012},
Volume = {3},
Pages = {3416-3419} }

@Article{ClCH4_red7,
author = {Meng, Fanbin and Yan, Wei and Wang, Dunyou},
title  = {Quantum dynamics study of the Cl + CH$_4$ $\to$ HCl + CH$_3$ 
reaction: reactive resonance, vibrational excitation reactivity, 
and rate constants},
journal= {Phys. Chem. Chem. Phys.},          
year   = {2012},
volume = {14},
issue  = {39},
pages  = {13656-13662},} 

@article{ClCH4_red8, 
Author = {Yan, Wei and Wang, Dunyou},
Title = {{Quantum reaction dynamics study of vibrational excitation effects on the
   Cl + CHD$_3$/CD$_4$ $\to$ HCl/DCl + CD$_3$ reactions}},
Journal = {{Chem. Phys. Lett.}},
Year = {{2014}},
Volume = {{603}},
Pages = {{41-45}}}

@article{ClCH4_red9,
Author = {Liu, Rui and Wang, Fengyan and Jiang, Bin and Czako, Gabor and Yang,
   Minghui and Liu, Kopin and Guo, Hua},
Title = {{Rotational mode specificity in the Cl + CHD$_3$ $\to$ HCl + CD$_3$ reaction}},
Journal = {{J. Chem. Phys.}},
Year = {{2014}},
Volume = {{141}},
Pages= {{074310}}}

@article{ClCH4_red10,
author = {Liu, Na and Yang, Minghui},
title = {An eight-dimensional quantum dynamics study of the $Cl+CH_4 \to HCl + CH_3$ reaction},
journal = {J. Chem. Phys.},
year = {2015},
volume = {143},
pages = {134305},
doi = {http://dx.doi.org/10.1063/1.4931833}}

@article{ClCH4_RPMD,
author = {Yongle Li and Yury V. Suleimanov and William H. Green and Hua Guo},
title = {Quantum Rate Coefficients and Kinetic Isotope Effect for the Reaction
Cl + CH$_$4 $\to$ HCl +  CH$_3$ from Ring Polymer Molecular Dynamics},
journal = {J. Phys. Chem. A},
volume = {118},
number = {11},
pages = {1989-1996},
year = {2014}}
 
@article{ClCH4_PES,
AUTHOR = {J. C. Corchado and D. G. Truhlar and J. Espinosa-Garcia},
TITLE  = {Potential energy surface, thermal, and state-selected rate coefficients, and kinetic isotope effects for Cl+CH$_4$ $\to$ HCl+CH$_3$},
JOURNAL= {J. Chem. Phys.},
YEAR   = {2000},
VOLUME = {112},
PAGES  = {9375-9389} }

@article{ClCH4_direkt,
AUTHOR = {S. Rudic and C. Mauuray and J. N. Harvey and A. J. Orr-Ewing},
TITLE  = {On-the-fly ab initio trajectory calculations of the dynamics of Cl atom reactions with methane, ethane and methanol
},
JOURNAL= {J. Chem. Phys.},
YEAR   = {2004},
VOLUME = {120},
PAGES  = {186-198} }
 
@article{ClCH4_PES2,
AUTHOR = {G. Czako and J. M. Bowman},
Title = {Dynamics of the Reaction of Methane with Chlorine Atom on an Accurate Potential Energy Surface},
JOURNAL= {Sciene},
YEAR   = {2011},
VOLUME = {334},
PAGES  = {343-346} }

@article{ClCH4_PES3,
AUTHOR = {G. Czako and J. M. Bowman},
Title = {Accurate ab initio potential energy surface, thermochemistry, and dynamics of the Cl($^2$P,$^2$P$_{3/2}$)+CH$_4$ $\to$ HCl+CH$_3$ and H+CH$_3$Cl reactions},
JOURNAL= {J. Chem. Phys.},
YEAR   = {2012},
VOLUME = {136},
PAGES  = {044307} }

% Experiment

% Cl+CH4,CH2D2,CH3D (11,02)sym/asym-stretch reactivity
@article{ClCH4_exp1,
AUTHOR = {Z. H. Kim and H. A. Bechtel and R. N. Zre},
TITLE  = {Vibrational control in the reaction of methane with atomic chlorine },
JOURNAL= {J. Am. Chem. Soc.},
YEAR   = {2001},
VOLUME = {123},
PAGES  = {12714-12715} }

@article{ClCH4_exp2,
AUTHOR = {Z. H. Kim and H. A. Bechtel and R. N. Zare},
TITLE  = {Channel-specific angular distributions of {HCl} and {CH$_3$} products from the reaction of atomic chlorine with stretch-excited methane},
JOURNAL= {J. Chem. Phys.},
YEAR   = {2002},
VOLUME = {117},
PAGES  = {3232-3242} }

% Cl+CH2D2, (11,02)sym/asym-stretch reactivity, product state distributions and branching ratio
@article{ClCH4_exp3,
AUTHOR = {H. A. Bechtel and Z. H. Kim and J. P. Camden and R. N. Zare},
TITLE  = {Bond and mode selectivity in the reaction of atomic chlorine with vibrationally excited CH$_2$D$_2$},
JOURNAL= {J. Chem. Phys.},
YEAR   = {2004},
VOLUME = {120},
PAGES  = {791-799} }

@article{ClCH4_exp4,
AUTHOR = {H. A. Bechtel and J. P. Camden and D. J. A. Brown and R. N. Zare},
TITLE  = {Comparing the dynamical effects of symmetric and antisymmetric stretch excitation of methane in the Cl+CH$_4$ reaction
},
JOURNAL= {J. Chem. Phys.},
YEAR   = {2004},
VOLUME = {120},
PAGES  = {5096-5103} }

@article{ClCH4_exp5,
AUTHOR = {Z. H. Kim and H. A. Bechtel and J. P. Camden and R. N. Zare},
TITLE  = {Effect of bending and torsional mode excitation on the reaction Cl+CH$_4$ $\to$ HCl+CH$_3$},
JOURNAL= {J. Chem. Phys.},
YEAR   = {2005},
VOLUME = {122},
PAGES = {084303} }

@article{ClCH4_exp6,
AUTHOR = {S. Yoon and S. Henton and A. N. Zivkovic and F. F. Crim},
TITLE  = {The relative reactivity of the stretch-bend combination vibrations of CH$_4$ in the Cl ($^2$P$_{3/2}$)+CH$_4$ reaction},
JOURNAL= {J. Chem. Phys.},
YEAR   = {2002},
VOLUME = {116},
PAGES  = {10744-10752} }

@article{ClCH4_exp7,
AUTHOR = {S. Yoon and R. J. Holiday and E. L. Sibert~III and F. F. Crim},
TITLE  = {The relative reactivity of CH$_3$D molecules with excited symmetric and antisymmetric stretching vibrations},
JOURNAL= {J. Chem. Phys.},
YEAR   = {2003},
VOLUME = {119},
PAGES  = {9568-9575} }

@article{ClCH4_exp8,
AUTHOR = {B. Retail and J. K. Pearce and C. Murray and A. J. Orr-Ewing},
TITLE  = {Nonadiabatic dynamics in the CH$_3$+HCl $\to$ CH$_4$+Cl($^2$P(J)) reaction},
JOURNAL= {J. Chem. Phys.},
YEAR   = {2005},
VOLUME = {122},
PAGES = {101101} }

@article{ClCH4_exp9,
AUTHOR = {B. Zhang and K. Liu},
TITLE  = {Imaging a reactive resonance in the Cl+CH$_4$ reaction},
JOURNAL= {J. Chem. Phys.},
YEAR   = {2005},
VOLUME = {122},
PAGES  = {101102} }

@article{ClCH4_exp10,
AUTHOR = {J. Zhou and J. J. Lin and B. Zhang and K. Liu},
TITLE  = {On the Cl*($^2$P$_{1/2}$) reactivity and the effect of bend excitation in the Cl+CH$_4$/CD$_4$ reactions},
JOURNAL= {J. Phys. Chem. A},
YEAR   = {2004},
VOLUME = {108},
PAGES  = {7832-7836} }

% Cl+CH4, CH2D2, CD4 different reactivity, correcting data analysis
@article{ClCH4_exp11,
AUTHOR = {M .J. Bass and M. Brouard and R. Ciresasa and A. P. Clark and C. Vallance},
TITLE  = {Imaging photon-initiated reactions: A study of the Cl($^2$P$_{3/2}$)+CH$_4$ $\to$ HCl+CH$_3$ reaction},
JOURNAL= {J. Chem. Phys.},
YEAR   = {2005},
VOLUME = {123},
PAGES = {094301} }

@article{ClCH4_exp12,
AUTHOR = {R. J. Holiday and C. H. Kwon and C. J. Annesly and F. F. Crim},
TITLE  = {Mode- and bond-selective reaction of Cl($^2$P$_{3/2}$) with CH$_3$D: C-H stretch overtone excitation near 6000 cm(-1)},
JOURNAL= {J. Chem. Phys.},
YEAR   = {2006},
VOLUME = {125},
PAGES = {133101} }

@article{ClCH4_exp13,
AUTHOR = {M. R. Martin and D. J. A. Brown and A. S. Chiou and R. N. Zare},
TITLE  = {Reaction of Cl with CD$_4$ excited to the second C-D stretching overtone},
JOURNAL= {J. Chem. Phys.},
YEAR   = {2007},
VOLUME = {126},
PAGES = {044315} }

@article{ClCH4_exp14,
AUTHOR = {S. Yan and Y.-T. Wu and B. Zhang and X.-F.- Yue and K. Liu},
Title = {Do vibrational excitations of {CHD$_3$} preferentially promote reactivity
   toward the chlorine atom?},
JOURNAL= {Science},
YEAR   = {2007},
VOLUME = {316},
PAGES  = {1723-1726} }

@article{ClCH4_exp15,
AUTHOR = {Y.-T. Wu and K. Liu},
TITLE  = {Imaging the pair-correlated dynamics and isotope effects of the Cl+CH$_2$D$_2$ reaction},
JOURNAL= {J. Chem. Phys.},
YEAR   = {2008},
VOLUME = {129},
PAGES  = {154302} }

@article{ClCH4_exp16,
AUTHOR = {H. Kawamata and S. Tauro and K. Liu},
TITLE  = {Unravelling the reactivity of antisymmetric stretch-excited CH$_4$ with Cl by-product pair-correlation measurements},
JOURNAL= {PCCP},
YEAR   = {2008},
VOLUME = {10},
PAGES  = {4378-4382} }

@article{ClCH4_exp17,
AUTHOR = {S. Yan and Y.-T. Wu and B. Zhang and X.-F. Yue and K. Liu},
TITLE  = {Tracking the energy flow along the reaction path},
JOURNAL= {PNAS},
YEAR   = {2008},
VOLUME = {105},
PAGES  = {12667-12672} }


@article{ClCH4_exp18,
Author = {Zhang, Bailin and Liu, Kopin and Czako, Gabor and Bowman, Joel M.},
Title = {Translational energy dependence of the Cl+CH$_4$($\nu$(b)=0,1) reactions: a joint crossed-beam and quasiclassical trajectory study},
JOURNAL= {Mol. Phys.},
YEAR   = {2012},
VOLUME = {110},
PAGES  = {1617} }

@article{ClCH4_exp19,
Author = {Wang, Fengyan and Lin, Jui-San and Liu, Kopin},
Title = {Steric Control of the Reaction of {CH} Stretch-Excited {CHD$_3$} with Chlorine Atom},
Journal = {Science},
Year = {2011},
Volume = {331},
Pages = {900-903} }

@article{ClCH4_exp20,
Author = {Wang, Fengyan and Lin, Jui-San and Cheng, Yuan and Liu, Kopin},
Title = {{Vibrational Enhancement Factor of the Cl+CHD$_3$(v(1)=1) Reaction:
   Rotational-Probe Effects}},
Journal = {J. Phys. Chem. Lett.},
Year = {2013},
Volume = {4},
Pages = {323-327} }

@article{ClCH4_exp21,
Author = {Wang, Fengyan and Liu, Kopin and Rakitzis, T. Peter},
Title = {Revealing the stereospecific chemistry of the reaction of Cl with
   aligned CHD$_3$(v(1)=1)},
Journal = {{Nature Chemistry}},
Year = {2012},
Volume = {4},
Pages = {636-641}}

@article{ClCH4_exp22,
Author = {Wang, Fengyan and Lin, J.-S. and Cheng, Y. and Liu, Kopin},
Title = {},
Journal = {J. Phys. Chem. Lett.},
Year = {2013},
Volume = {4},
Pages = {323-327}}

@article{ClCH4_photodetach,
Author = {Neumark, Daniel M.},
Title = {Slow Electron Velocity-Map Imaging of Negative Ions: Application to Spectroscopy and
Dynamics},
Journal = {J. Phys. Chem. A},
Year = {2008},
Volume = {112},
Pages = {13287-13301} }
