% Cl+CH4

@article{ClCH4red1,
AUTHOR = {H-G. Yu and G. Nyman},
TITLE  = {2D, RLM},
JOURNAL= {J. Chem. Phys.},
YEAR   = {1998},
VOLUME = {109},
PAGES  = {5896} }

@article{ClCH4red2,
AUTHOR = {H-G. Yu and G. Nyman},
TITLE  = {3D},
JOURNAL= {Phys. Chem. Chem. Phys.},
YEAR   = {1999},
VOLUME = {1},
PAGES  = {1181} }

@article{ClCH4red3,
AUTHOR = {H-G. Yu and G. Nyman},
TITLE  = {4D, RBU},
JOURNAL= {J. Chem. Phys.},
YEAR   = {1999},
VOLUME = {110},
PAGES  = {7233} }

@article{ClCH4red4,
AUTHOR = {S. Skokov and J. M. Bowman},
TITLE  = {3D, triatomic model + adiabatic bend},
JOURNAL= {J. Chem. Phys.},
YEAR   = {2001},
VOLUME = {113},
PAGES  = {4495} }

@article{ClCH4red5,
AUTHOR = {H-G. Yu and G. Nyman},
TITLE  = {new red.-dim. PES},
JOURNAL= {J. Chem. Phys.},
YEAR   = {1999},
VOLUME = {111},
PAGES  = {6693} }

@article{ClCH4red6,
Author = {Zhang, Zhaojun and Zhou, Yong and Zhang, Dong H. and Czako, Gabor and Bowman, Joel M.},
Title = {Theoretical Study of the Validity of the Polanyi Rules for the Late-Barrier {$Cl+CHD_3$} Reaction},
Journal = {J. Phys. Chem. Lett.},
Year = {2012},
Volume = {3},
Pages = {3416-3419} }

@article{ClCH4_PES,
AUTHOR = {J. C. Corchado and D. G. Truhlar and J. Espinosa-Garcia},
TITLE  = {PES, QTST},
JOURNAL= {J. Chem. Phys.},
YEAR   = {2000},
VOLUME = {112},
PAGES  = {9375} }

@article{ClCH4_direkt,
AUTHOR = {S. Rudic and C. Mauuray and J. N. Harvey and A. J. Orr-Ewing},
TITLE  = {Cl+CH4, QCT direct dynamics},
JOURNAL= {J. Chem. Phys.},
YEAR   = {2004},
VOLUME = {120},
PAGES  = {186} }

@article{ClCH4_PES2,
AUTHOR = {G. Czako and J. M. Bowman},
Title = {Dynamics of the Reaction of Methane with Chlorine Atom on an Accurate Potential Energy Surface},
JOURNAL= {Sciene},
YEAR   = {2012},
VOLUME = {334},
PAGES  = {343} }

@article{ClCH4_PES3,
AUTHOR = {G. Czako and J. M. Bowman},
Title = {Accurate ab initio potential energy surface, thermochemistry, and dynamics of the {Cl(P-2, P-2(3/2)) + CH$_4$ -> HCl + CH$_3$ and H + CH$_3$Cl} reactions},
JOURNAL= {J. Chem. Phys.},
YEAR   = {2000},
VOLUME = {136},
PAGES  = {044307} }

% Experiment

@article{ClCH4_exp1,
AUTHOR = {Z. H. Kim and H. A. Bechtel and R. N. Zare},
TITLE  = { Cl+CH4,CH2D2,CH3D (11,02)sym/asym-stretch reactivity },
JOURNAL= {J. Am. Chem. Soc.},
YEAR   = {2001},
VOLUME = {123},
PAGES  = {12714} }

@article{ClCH4_exp2,
AUTHOR = {Z. H. Kim and H. A. Bechtel and R. N. Zare},
TITLE  = {Channel-specific angular distributions of {HCl} and {CH$_3$} products from the reaction of atomic chlorine with stretch-excited methane},
JOURNAL= {J. Chem. Phys.},
YEAR   = {2002},
VOLUME = {117},
PAGES  = {3232} }

@article{ClCH4_exp3,
AUTHOR = {H. A. Bechtel and Z. H. Kim and J. P. Camden and R. N. Zare},
TITLE  = { Cl+CH2D2, (11,02)sym/asym-stretch reactivity, product state distributions and branching ration},
JOURNAL= {J. Chem. Phys.},
YEAR   = {2004},
VOLUME = {120},
PAGES  = {791} }

@article{ClCH4_exp4,
AUTHOR = {H. A. Bechtel and J. P. Camden and D. J. A. Brown and R. N. Zare},
TITLE  = { Cl+CH4,(10,01)sym/asym-stretch reactivity },
JOURNAL= {J. Chem. Phys.},
YEAR   = {2004},
VOLUME = {120},
PAGES  = {5096} }

@article{ClCH4_exp5,
AUTHOR = {Z. H. Kim and H. A. Bechtel and J. P. Camden and R. N. Zare},
TITLE  = {  Cl+CH4, bending reactivity },
JOURNAL= {J. Chem. Phys.},
YEAR   = {2005},
VOLUME = {122},
PAGES  = {084303} }

@article{ClCH4_exp6,
AUTHOR = {S. Yoon and S. Henton and A. N. Zivkovic and F. F. Crim},
TITLE  = { Cl+CH4, sym/asym stretch+bend reactivity },
JOURNAL= {J. Chem. Phys.},
YEAR   = {2002},
VOLUME = {116},
PAGES  = {10744} }

@article{ClCH4_exp7,
AUTHOR = {S. Yoon and R. J. Holiday and E. L. Sibert~III and F. F. Crim},
TITLE  = { Cl+CH3D, sym, asym stretch,bend reactivity},
JOURNAL= {J. Chem. Phys.},
YEAR   = {2003},
VOLUME = {119},
PAGES  = {9568} }

@article{ClCH4_exp8,
AUTHOR = {B. Retail and J. K. Pearce and C. Murray and A. J. Orr-Ewing},
TITLE  = { HCl+CH3, spin orbit states of products},
JOURNAL= {J. Chem. Phys.},
YEAR   = {2005},
VOLUME = {122},
PAGES  = {101101} }

@article{ClCH4_exp9,
AUTHOR = {B. Zhang and K. Liu},
TITLE  = { Cl+CH4 reactive resonance},
JOURNAL= {J. Chem. Phys.},
YEAR   = {2005},
VOLUME = {122},
PAGES  = {101102} }

@article{ClCH4_exp10,
AUTHOR = {J. Zhou and J. J. Lin and B. Zhang and K. Liu},
TITLE  = {Cl+CH4,CD4, bend/spin-orbit reactivity, differences to Zare },
JOURNAL= {J. Phys. Chem. A},
YEAR   = {2004},
VOLUME = {108},
PAGES  = {7832} }

@article{ClCH4_exp11,
AUTHOR = {M .J. Bass and M. Brouard and R. Ciresasa and A. P. Clark and C. Vallance},
TITLE  = { Cl+CH4, CH2D2, CD4 different reactivity, correcting data analysis},
JOURNAL= {J. Chem. Phys.},
YEAR   = {2005},
VOLUME = {123},
PAGES  = {094301} }

@article{ClCH4_exp12,
AUTHOR = {R. J. Holiday and C. H. Kwon and C. J. Annesly and F. F. Crim},
TITLE  = {Cl+CH3D, sym/asym stretch+bend reactivity },
JOURNAL= {J. Chem. Phys.},
YEAR   = {2006},
VOLUME = {125},
PAGES  = {133101} }

@article{ClCH4_exp13,
AUTHOR = {M. R. Martin and D. J. A. Brown and A. S. Chiou and R. N. Zare},
TITLE  = {Cl+CH4, initial vibrational excitation},
JOURNAL= {J. Chem. Phys.},
YEAR   = {2006},
VOLUME = {126},
PAGES  = {044315} }

@article{ClCH4_exp14,
AUTHOR = {S. Yan and Y.-T. Wu and B. Zhang and X.-F.- Yue and K. Liu},
Title = {Do vibrational excitations of {CHD$_3$} preferentially promote reactivity
   toward the chlorine atom?},
JOURNAL= {Science},
YEAR   = {2007},
VOLUME = {316},
PAGES  = {1723} }

@article{ClCH4_exp15,
AUTHOR = {Y.-T. Wu and K. Liu},
TITLE  = {Cl+CH2D2, pair correlation},
JOURNAL= {J. Chem. Phys.},
YEAR   = {2008},
VOLUME = {129},
PAGES  = {154302} }

@article{ClCH4_exp16,
AUTHOR = {H. Kawamata and S. Tauro and K. Liu},
TITLE  = {Cl+CH4, pair correlation},
JOURNAL= {PCCP},
YEAR   = {2008},
VOLUME = {10},
PAGES  = {4378} }

@article{ClCH4_exp17,
AUTHOR = {S. Yan and Y.-T. Wu and B. Zhang and X.-F.- Yue and K. Liu},
TITLE  = {Tracking the energy flow along the reaction path},
JOURNAL= {PNAS},
YEAR   = {2008},
VOLUME = {105},
PAGES  = {12667} }


@article{ClCH4_exp18,
Author = {Zhang, Bailin and Liu, Kopin and Czako, Gabor and Bowman, Joel M.},
Title = {Translational energy dependence of the Cl + CH4(nu(b)=0, 1) reactions: a joint crossed-beam and quasiclassical trajectory study},
JOURNAL= {Mol. Phys.},
YEAR   = {2012},
VOLUME = {110},
PAGES  = {1617} }

@article{ClCH4_exp19,
Author = {Wang, Fengyan and Lin, Jui-San and Liu, Kopin},
Title = {Steric Control of the Reaction of {CH} Stretch-Excited {CHD$_3$} with Chlorine Atom},
Journal = {Science},
Year = {2011},
Volume = {331},
Pages = {900-903} }


@article{ClCH4_exp20,
Author = {Wang, Fengyan and Lin, Jui-San and Cheng, Yuan and Liu, Kopin},
Title = {{Vibrational Enhancement Factor of the Cl+CHD3(v(1)=1) Reaction:
   Rotational-Probe Effects}},
Journal = {{J. Phys. Chem. Lett.}},
Year = {{2013}},
Volume = {{4}},
Pages = {{323}}}
