% Dissipation

@article{WD,
AUTHOR = {B. Wolfseder and W. Domcke},
TITLE  = {},
JOURNAL= {Chem. Phys. Lett.},
YEAR   = {1995},
VOLUME = {235},
PAGES  = {370} }

@article{PfadDomcke,
AUTHOR = {S. Krempl and M. Winterstetter and H. Pl\"ohn and W. Domcke},
TITLE  = {},
JOURNAL= {J. Chem. Phys.},
YEAR   = {1994},
VOLUME = {100},
PAGES  = {926} }

@article{PfadMakri,
AUTHOR = {M. Topaler and N. Makri},
TITLE  = {},
JOURNAL= {J. Chem. Phys.},
YEAR   = {1992},
VOLUME = {97},
PAGES  = {9001} }

@article{PfadMakriRaten,
AUTHOR = {M. Topaler and N. Makri},
TITLE  = {},
JOURNAL= {J. Chem. Phys.},
YEAR   = {1994},
VOLUME = {101},
PAGES  = {7500} }

@article{RedfieldFriesner,
AUTHOR = {W. T. Pollard and R. A. Friesner},
TITLE  = {},
JOURNAL= {J. Chem. Phys.},
YEAR   = {1994},
VOLUME = {100},
PAGES  = {5054} }

@article{LindbladKosloff,
AUTHOR = {U. Banin and A. Bartana and S. Ruhmann and R. Kosloff},
TITLE  = {},
JOURNAL= {J. Chem. Phys.},
YEAR   = {1994},
VOLUME = {101},
PAGES  = {8461} }

@article{Peter1,
AUTHOR = {P. Saalfrank and R. Baer and R. Kosloff},
TITLE  = {},
JOURNAL= {Chem. Phys. Lett.},
YEAR   = {1994},
VOLUME = {230},
PAGES  = {463} }

@article{Peter2,
AUTHOR = {K. Finger and P. Saalfrank},
TITLE  = {},
JOURNAL= {Chem. Phys. Lett.},
YEAR   = {1997},
VOLUME = {268},
PAGES  = {291} }

@article{Peter3,
AUTHOR = {L. Pesce and P. Saalfrank},
TITLE  = {},
JOURNAL= {J. Chem. Phys.},
YEAR   = {1998},
VOLUME = {108},
PAGES  = {3045} }

@article{QuantumJump1,
AUTHOR = {J. Dalibard and Y. Castin and K. Molmer},
TITLE  = {},
JOURNAL= {Phys. Rev. Lett.},
YEAR   = {1992},
VOLUME = {68},
PAGES  = {580} }

@article{QuantumJump2,
AUTHOR = {K. Molmer and Y. Castin and J. Dalibard},
TITLE  = {},
JOURNAL= {J. Opt. Soc. Am. B},
YEAR   = {1993},
VOLUME = {10},
PAGES  = {524} }

@article{QuantumJump3,
AUTHOR = {R. Dum and P. Zoller and H. Ritsch},
TITLE  = {},
JOURNAL= {Phys. Rev. A},
YEAR   = {1992},
VOLUME = {45},
PAGES  = {4879} }

@article{QuantumJump4,
AUTHOR = {C. W. Gardiner and A. S. Parkins and P. Zoller},
TITLE  = {},
JOURNAL= {Phys. Rev. A},
YEAR   = {1992},
VOLUME = {46},
PAGES  = {4363} }

@article{Gerdts,
AUTHOR = {T. Gerdts},
TITLE  = {},
JOURNAL= {Dissertation},
YEAR   = {1998},
VOLUME = {},
PAGES  = {} }

%Grundlagen

@article{Lindblad1,
AUTHOR = {G. Lindblad},
TITLE  = {},
JOURNAL= {Commun. Math. Phys.},
YEAR   = {1973},
VOLUME = {33},
PAGES  = {305} }

@article{Lindblad2,
AUTHOR = {V. Gorini and A. Kossakowski},
TITLE  = {},
JOURNAL= {J. Math. Phys.},
YEAR   = {1976},
VOLUME = {17},
PAGES  = {821} }

@article{Zwanzig,
AUTHOR = {R. Zwanzig},
TITLE  = {},
JOURNAL= {J. Chem. Phys.},
YEAR   = {1960},
VOLUME = {33},
PAGES  = {1338} }

@article{Redfield,
AUTHOR = {A. G. Redfield},
TITLE  = {},
JOURNAL= {Adv. Magn. Reson.},
YEAR   = {1965},
VOLUME = {1},
PAGES  = {1} }

@article{,
AUTHOR = {},
TITLE  = {},
JOURNAL= {},
YEAR   = {},
VOLUME = {},
PAGES  = {} }


