%Ethen

@article{SuddenPolarization1,
AUTHOR = {L. Salem},
TITLE  = {},
JOURNAL= {Science},
YEAR   = {1976},
VOLUME = {191},
PAGES  = {822} }

@article{SuddenPolarization2,
AUTHOR = {C. E. Wulfman and S. Kumei},
TITLE  = {},
JOURNAL= {Science},
YEAR   = {1971},
VOLUME = {1061},
PAGES  = {172} }

