% F+CH4

@article{FCH4_exp1,
AUTHOR = {J.J. Lin and J. Zhou and W. Shiu and K. Liu},
Title = {State-specific correlation of coincident product pairs in the {F+CD$_4$}
   reaction},
JOURNAL= {Science},
YEAR   = {2003},
VOLUME = {300},
PAGES  = {966} }

@article{FCH4_exp2,
AUTHOR = {J. Zhou and J.J. Lin and W. Shiu and S.-C. Pu and K. Liu},
TITLE  = { CD3(umbrella,rotation), state resolved},
JOURNAL= {J. Chem. Phys.},
YEAR   = {2003},
VOLUME = {119},
PAGES  = {2538} }

@article{FCH4_exp3,
AUTHOR = {J. Zhou and J.J. Lin and W. Shiu and K. Liu},
TITLE  = { DF(stretch)+CD3(umbrella), correlated state resolved },
JOURNAL= {J. Chem. Phys.},
YEAR   = {2003},
VOLUME = {119},
PAGES  = {4997} }

@article{FCH4_exp4,
AUTHOR = {J. Zhou and J.J. Lin and K. Liu},
TITLE  = { DF(stretch)+CHD2(umbrella,bending), correlated state resolved },
JOURNAL= {J. Chem. Phys.},
YEAR   = {2003},
VOLUME = {119},
PAGES  = {8289} }

@article{FCH4_exp5,
AUTHOR = {J. Zhou and W. Shiu and J.J. Lin and K. Liu},
TITLE  = { DF(stretch)+CD3(umbrella,rotation), correlated state resolved},
JOURNAL= {J. Chem. Phys.},
YEAR   = {2004},
VOLUME = {120},
PAGES  = {5863} }

@article{FCH4_exp6,
AUTHOR = {W. Shiu and J.J. Lin and K. Liu},
TITLE  = {Reactive Resonance in a Polyatomic Reaction},
JOURNAL= {Phys. Rev. Lett.},
YEAR   = {2004},
VOLUME = {92},
PAGES  = {103201} }

@article{FCH4_exp7,
AUTHOR = {J. Zhou and J.J. Lin and K. Liu},
TITLE  = { HF+CD3 reactive resonance },
JOURNAL= {J. Chem. Phys.},
YEAR   = {2003},
VOLUME = {121},
PAGES  = {813} }

@article{FCH4_exp8,
AUTHOR = {J. Zhou and W. Shiu and J.J. Lin and K. Liu},
TITLE  = {F+CD4 product pair correlation},
JOURNAL= {J. Chem. Phys.},
YEAR   = {2006},
VOLUME = {124},
PAGES  = {1043} }

@article{FCH4_exp9,
AUTHOR = {J. Zhou and J.J. Lin and W. Shiu and K. Liu},
TITLE  = {F+CD4 product pair correlation},
JOURNAL= {PCCP},
YEAR   = {2006},
VOLUME = {8},
PAGES  = {3000} }

@article{FCH4_exp10,
AUTHOR = {B. Zhang and S. Yan and K. Liu},
TITLE  = {F+CH2D2},
JOURNAL= {J. Phys. Chem. A},
YEAR   = {2007},
VOLUME = {111},
PAGES  = {9263} }

@article{FCH4_exp11,
AUTHOR = {W. Zhang and H. Kawamata and K. Liu},
Title = {{CH} Stretching Excitation in the Early Barrier {F + CHD$_3$} Reaction Inhibits {CH} Bond Cleavage},
JOURNAL= {Science},
YEAR   = {2009},
VOLUME = {325},
PAGES  = {303} }

@article{FCH4_exp12,
AUTHOR = {G\'abor Czak\'{o} and Quan Shuai and Kopin Liu and Joel M. Bowman},
Title = {Communication: Experimental and theoretical investigations of the
   effects of the reactant bending excitations in the F+CHD_3 reaction},
YEAR = {2010},
JOURNAL = {J. Chem. Phys.},
VOLUME= {133},
PAGES = {131101} }

@article{FCH4_exp13,
AUTHOR = {Warren W. Harper and Sergey A. Nizkorodov and David J. Nesbitt},
TITLE = {Products state-resolved distributions for F + CH4 --> HF(v,J) + CH3},
YEAR = {2000},
JOURNAL = {J. Chem. Phys.},
VOLUME = {113},
PAGES = {3670} }

@article{FCH4_exp14,
AUTHOR = {Weicheng Shiu and Jim J. Lin and Kopin Liu and Malcom Wu and David H. Parker},
TITLE = {Pair-correlated excitation function for F + CH4 --> HF(v) + CH3(nu = 0)},
YEAR = {2004},
JOURNAL = {J. Chem. Phys.},
VOLUME = {120},
PAGES = {117} }

@article{FCH4_exp15,
AUTHOR = {Persky, Avigdor},
TITLE = {k(T) for F + CH4 in the Temperature Range 184âˆ’406 K},
YEAR = {1996},
JOURNAL = {J. Phys. Chem.},
VOLUME = {100},
PAGES = {689} }

@Article{FCH4_exp16,
author ={Kawamata, Hiroshi and Zhang, Weiqing and Liu, Kopin},
title  ={Imaging the effects of the antisymmetric stretch excitation of CH4 in the reaction with {F} atom},
journal  ={Faraday Discuss.},
year  ={2012},
VOLUME = {157},
pages  ={89-100}}

@article{FCH4_exp17,
Author = {Wang, Fengyan and Liu, Kopin},
Title = {{Imaging the Effects of Bend-Excitation in the F + CD4(v(b)=0,1) -> DF(v)
   + CD3(v(2)=1,2) Reactions}},
Journal = {J. Phys. Chem. A},
Year = {{2013}},
Volume = {{117}},
Pages = {{8536-8544}}}

@article{FCH4_exp18,
Author = {Cheng, Yuan and Pan, Huilin and Wang, Fengyan and Liu, Kopin},
Title = {{On the signal depletion induced by stretching excitation of methane in
   the reaction with the F atom}},
Journal = {{Phys. Chem. Chem. Phys.}},
Year = {2014},
Volume = {16},
Pages = {444-452}}

@article{FCH4_exp19,
Author = {Yang, Jiayue and Zhang, Dong and Jiang, Bo and Dai, Dongxu and Wu, Guorong and Zhang, Donghui and Yang, Xueming},
Title = {How Is C-H Vibrational Energy Redistributed in F+CHD$_3$($\nu$(1)=1)$\to$HF+CD$_3$?},
Journal = {J. Phys. Chem. Lett.},
Year = {2014},
Volume = {5},
Pages = {1790-1794}}

@article{FCH4_PES,
AUTHOR = {D. Troya and J. Millan and I. Banos and M. Gonzalez},
TITLE  = { PES, QTST, QCT },
JOURNAL= {J. Chem. Phys.},
YEAR   = {2004},
VOLUME = {120},
PAGES  = {5181} }

@article{FCH4_PES2,
AUTHOR = {G. Czak\'o and B. C. Shepler and B. J. Braams and J. M. Bowman},
Title = {Accurate ab initio potential energy surface, dynamics, and thermochemistry of the F+CH4 -> HF+CH3 reaction},
JOURNAL= {J. Chem. Phys.},
YEAR   = {2009},
VOLUME = {130},
PAGES  = {084301} }

@article{FCH4_PES3,
AUTHOR = {Castillo, J. F. and Aoiz, F. J. and Ba\~{n}ares, L. and Martinez-Nu\~{n}ez, E. and Fern\'{a}ndez-Ramos, A. and Vazquez, S.},
TITLE = {PES + QCT},
YEAR = {2005},
JOURNAL = {J. Phys. Chem. A},
VOLUME = {109},
PAGES = {8459} }

@article{FCH4_PES4,
AUTHOR = {Diego Troya},
TITLE = {Ab initio + direct(PM3/SRP) QCT on F+CH4},
YEAR = {2005},
JOURNAL = {J. Chem. Phys.},
VOLUME = {123},
PAGES = {214305} }

@article{FCH4_PES5,
AUTHOR = {Qiang Wang and Zhengting Cai and Dacheng Feng},
TITLE = {Ab-initio + PES},
YEAR = {2006},
JOURNAL = {Journal of Molecular Structure: THEOCHEM},
VOLUME = {759},
PAGES = {31} }

@article{FCH4_PES6,
AUTHOR = {Espinosa-Garc\'{i}a, J. and Bravo, J. L. and R\'{a}ngel, C.},
TITLE = {PES + QCT},
YEAR = {2007},
JOURNAL = {J. of Physical Chemistry A},
VOLUME = {111},
PAGES = {2761} }

@article{FCH4_PES7,
AUTHOR = {J. C. Corchado and J. Espinosa-Garc\'{i}a},
TITLE = {Ab-initio for F+CH4},
YEAR = {1996},
JOURNAL = {J. Chem. Phys.},
VOLUME = {105},
PAGES = {3152} }

@article{FCH4_PES7b,
AUTHOR = {J. C. Corchado and J. Espinosa-Garc\'{i}a},
TITLE = {Semiempirical and fitted  PES for F+CH4},
YEAR = {1996},
JOURNAL = {J. Chem. Phys.},
VOLUME = {105},
PAGES = {3160} }

@article{FCH4_PES8,
AUTHOR = {R\'{a}ngel, Cipriano and Navarrete, Marta and Espinosa-Garc\'{i}a, J.},
TITLE = {PES + VTST},
YEAR = {2005},
JOURNAL = {J. Phys. Chem. A},
VOLUME = {109},
PAGES = {1441} }

@article{FCH4_PES9,
AUTHOR = {Layfield, Joshua P. and Sweeney, Andrew F. and Troya, Diego},
TITLE = {Direct-QCT of F + CH4, C2H6, C3H8, and i-C4H10},
YEAR = {2009},
JOURNAL = {J. Phys. Chem. A},
VOLUME = {113},
PAGES = {4294} }

@Article{FCH4_PES10,
author ={Czak{\'o}, G{\'a}bor and Bowman, Joel M.},
title  ={An ab initio spin-orbit-corrected potential energy surface and dynamics for the F + CH4 and F + CHD3 reactions},
year  ={2011},
journal  ={PCCP},
volume  ={13},
pages  ={8306-8312} }

@article{FCH4_IVTST,
AUTHOR = {Orlando Roberto-Neto and Francisco B.C. Machado and Fernando R. Ornellas},
TITLE = {Ab-initio + IVTST},
YEAR = {2005},
JOURNAL= {Chemical Physics},
VOLUME = {315},
PAGES = {27} }

% 5D, old PES
@article{FCH4_red1,
Author = {Chu, Tianshu and Han, Keli and Espinosa-Garcia, Joaquin},
Title = {{A five-dimensional quantum dynamics study of the F(P-2)+CH4 reaction}},
Journal = {J. Chem. Phys.},
Year = {{2009}},
Volume = {{131}},
Pages = {{244303}}}

% 4D
@article{FCH4_red2,
Author = {Wang, Dunyou and Czako, Gabor},
Title = {{Quantum Dynamics Study of the F + CH4 -> HF + CH3 Reaction on an Ab
   lnitio Potential Energy Surface}},
Journal = {J. Phys. Chem. A},
Year = {{2013}},
Volume = {{117}},
Pages = {{7124-7130}}}

@article{FCH4_QCT1,
AUTHOR = {Czak\'{o}, G\'{a}bor and Bowman, Joel M.},
Title = {CH Stretching Excitation Steers the F Atom to the CD Bond in the F +
   CHD3 Reaction},
YEAR = {2009},
JOURNAL = {Journal of the American Chemical Society},
VOLUME = {131},
PAGES = {17534} }

@article{FCH4_QCT2,
AUTHOR = {G\'{a}bor Czak\'{o} and Joel M. Bowman},
Title = {Quasiclassical trajectory calculations of correlated product distributions for the F+CHD3(v(1)=0,1) reactions using an ab initio potential energy surface},
YEAR = {2009},
JOURNAL = {J. Chem. Phys.},
VOLUME = {131},
PAGES = {244302} }

@article{FCH4_QCT3,
AUTHOR = {Xiaofeng Tian and Tao Gao and Na He and Zhihui Zhang},
TITLE = {Ab-initio + direct QCT},
YEAR = {2008},
JOURNAL = {Molecular Physics},
VOLUME = {106},
PAGES = {2717} } 

@article{FCH4_QCT4,
AUTHOR = {Joaquin Espinosa-Garc\'{i}a},
TITLE = {QCT for F + CH2D2 reaction},
YEAR = {2009},
JOURNAL = {J. Chem. Phys.},
VOLUME = {130},
pages = {054305} }

@article{FCH4_QCT5,
AUTHOR = {Espinosa-Garc\'{i}a, Joaquin and Bravo, Jose L.},
TITLE = {QCT for F + CHD3},
YEAR = {2008},
JOURNAL = {J. Phys. Chem. A},
VOLUME = {112},
PAGES = {6059} }

@article{FCH4_QCT6,
AUTHOR = {Espinosa-Garc\'{i}a, Joaquin},
TITLE = {QCT for F + CD4},
YEAR = {2007},
JOURNAL = {J. Phys. Chem. A},
VOLUME = {111},
PAGES = {3497} }

@article{FCH4_QCT7,
AUTHOR = {Espinosa-Garc\'{i}a, Joaquin},
TITLE = {QCT for F + CH2D2},
YEAR = {2010},
JOURNAL = {CHEMICAL PHYSICS LETTERS},
VOLUME = {488},
PAGES = {153-157} }

@article{FCH4_QMRD1,
AUTHOR = {Tianshu Chu and Keli Han and Joaquin Espinosa-Garc\'{i}a},
TITLE = {5DOF for F(2P) + CH4 reaction, SVRT},
YEAR = {2009},
JOURNAL = {J. Chem. Phys.},
VOLUME = {131},
PAGES = {244303} }

@article{FCH4_QMRD2,
AUTHOR = {Nyman, G. and Espinosa-Garc\'{i}a, J.},
TITLE = {3DOF for F + CH4 reaction, RBU},
YEAR = {2007},
JOURNAL = {J. Phys. Chem. A},
VOLUME = {111},
PAGES = {11943} }

@article{FCH4_anion_PES,
author = {Czak{\' o}, G{\'a}bor and Braams, Bastiaan J. and Bowman, Joel M.},
title = {Accurate ab Initio Structure, Dissociation Energy, and Vibrational Spectroscopy of the F$^-$-CH4 Anion Complex},
year = {2008},
journal = {J. Phys. Chem. A},
volume = {112},
number = {32},
pages = {7466} }


@article{FCH4_photodetach_zheng,
author = {Cheng, Min and Feng, Yuan and Du, Yikui and Zhu, Qihe and Zheng, Weijun and Czak{\'o}, G{\'a}bor and Bowman, Joel M.},
title = {Communication: Probing the entrance channels of the X + CH[sub 4] --> HX + CH[sub 3] (X = F, Cl, Br, I) reactions via photodetachment of X[sup  - ]--CH[sub 4]},
year = {2011},
journal = {J. Chem. Phys.},
volume = {134},
number = {19},
pages = {191102} }



@Article{FCH4_photodetach_neumark,
author ={Yacovitch, Tara I. and Garand, Etienne and Kim, Jongjin B. and Hock, Christian and Theis, Thomas and Neumark Daniel M.},
title ={Vibrationally Resolved Transition State Spectroscopy of the H+H$_2$ and F+CH$_4$ Reactions},
year ={2012},
journal ={Faraday Disc.},
volume={157},
pages ={399-414} }

@article{FCH4anion_vib,
Author = {Fabri, Csaba and Csaszar, Attila G. and Czako, Gabor},
Title = {{Reduced-Dimensional Quantum Computations for the Rotational-Vibrational
   Dynamics of F--CH4 and F--CH2D2}},
Journal = {J. Phys. Chem. A},
Year = {{2013}},
Volume = {{117}},
Pages = {{6975-6983}}}


@article{FCH4,
AUTHOR = {},
TITLE  = {},
JOURNAL= {J. Chem. Phys.},
YEAR   = {},
VOLUME = {},
PAGES  = {} }



@article{FCH4,
AUTHOR = {},
TITLE  = {},
JOURNAL= {J. Chem. Phys.},
YEAR   = {},
VOLUME = {},
PAGES  = {} }

