% H+CH4

@article{HCH4PES,
AUTHOR = {M.J.T. Jordan and R.G. Gilbert},
TITLE  = {PES},
JOURNAL= {J. Chem. Phys.},
YEAR   = {1995},
VOLUME = {102},
PAGES  = {5669} }

@article{HCH4PES2,
AUTHOR = {J. Espinosa-Garcia},
TITLE  = {new PES},
JOURNAL= {J. Chem. Phys.},
YEAR   = {2002},
VOLUME = {116},
PAGES  = {10664} }

@article{HCH4PES3,
AUTHOR = {J. C. Corchado and J. L. Bravo and J. Espinosa-Garcia},
TITLE  = {ab initio PES},
JOURNAL= {J. Chem. Phys.},
YEAR   = {2009},
VOLUME = {130},
PAGES  = {184313} }

@article{HCH4PES4,
AUTHOR = {X. Zhang and B. J. Braams and J. M. Bowman},
TITLE  = {PES},
JOURNAL= {J. Chem. Phys.},
YEAR   = {2006},
VOLUME = {124},
PAGES  = {021104} }

@article{HCH4PES5,
AUTHOR = {Z. Xie and J. M. Bowman and X. Zhang},
TITLE  = {PES},
JOURNAL= {J. Chem. Phys.},
YEAR   = {2006},
VOLUME = {125},
PAGES  = {133120} }

@article{HCH4PES6,
AUTHOR = {Yong Zhou and Bina Fu and Chunrui Wang and Michael A. Collins and
Dong H. Zhang},
Title = {Ab initio potential energy surface and quantum dynamics for the {$H+CH_4 \to H_2+CH_3$} reaction},
JOURNAL= {J. Chem. Phys.},
YEAR   = {2011},
VOLUME = {134},
PAGES  = {064323} }

@article{HCH4red1,
AUTHOR = {T. Takayanagi},
TITLE  = {3D collinear},
JOURNAL= {J. Chem. Phys.},
YEAR   = {1996},
VOLUME = {104},
PAGES  = {2237} }

@article{HCH4red2,
AUTHOR = {H-G. Yu and G. Nyman},
TITLE  = {4D RBU, 2D+bend+umbrella},
JOURNAL= {J. Chem. Phys.},
YEAR   = {1999},
VOLUME = {111},
PAGES  = {3508} }

@article{HCH4red3,
AUTHOR = {M.L. Wang and Y. Li and J.Z.H. Zhang and D.H. Zhang},
TITLE  = {4D SVRT},
JOURNAL= {J. Chem. Phys.},
YEAR   = {2000},
VOLUME = {113},
PAGES  = {1802} }

@article{HCH4red4,
AUTHOR = {D. Wang and J. M. Bowman},
TITLE  = {6D, 4 atom model H-H-C-H3},
JOURNAL= {J. Chem. Phys.},
YEAR   = {2001},
VOLUME = {115},
PAGES  = {2055} }

@article{HCH4red5,
AUTHOR = {H-G. Yu},
TITLE  = {4D RBU, new PES},
JOURNAL= {Chem. Phys. Lett.},
YEAR   = {2000},
VOLUME = {332},
PAGES  = {538} }

@article{HCH4red6,
AUTHOR = {J. Palma and J. Echave and D. C. Clary},
TITLE  = {4D, 2D+umbrella+sym. strech},
JOURNAL= {J. Phys. Chem. A},
YEAR   = {2002},
VOLUME = {106},
PAGES  = {8256} }

@article{HCH4red7a,
AUTHOR = {M.L. Wang and J.Z.H. Zhang},
TITLE  = {},
JOURNAL= {J. Chem. Phys.},
YEAR   = {2002},
VOLUME = {116},
PAGES  = {6497} }

@article{HCH4red7,
AUTHOR = {M.L. Wang and J.Z.H. Zhang},
TITLE  = {SVRT 5D, includes umbrella},
JOURNAL= {J. Chem. Phys.},
YEAR   = {2002},
VOLUME = {117},
PAGES  = {3081} }

@article{HCH4red8,
AUTHOR = {M.L. Wang and J.Z.H. Zhang},
TITLE  = {SVRT 4D, more details},
JOURNAL= {J. Chem. Phys.},
YEAR   = {2002},
VOLUME = {116},
PAGES  = {6497} }

@article{HCH4red9,
AUTHOR = {M. Yang and D. H. Zhang and S.-Y. Lee},
TITLE  = {A seven-dimensional quantum study of the {H+CH$_4$} reaction},
JOURNAL= {J. Chem. Phys.},
YEAR   = {2002},
VOLUME = {117},
PAGES  = {9539} }

@article{HCH4red9b,
AUTHOR = {Y. Zhou and D. H. Zhang},
TITLE  = {7D revised},
JOURNAL= {},
YEAR   = {unpublished},
VOLUME = {},
PAGES  = {} }

@article{HCH4red10,
AUTHOR = {D. Wang},
TITLE  = {6D, 4 atom model H-H-C-H3, back reaction H2+CH3},
JOURNAL= {J. Chem. Phys.},
YEAR   = {2002},
VOLUME = {117},
PAGES  = {9806} }

@article{HCH4red11,
AUTHOR = {D. Wang},
TITLE  = {6D, 4 atom model H-H-C-H3, isotopes + back reaction HD/D2+CH3},
JOURNAL= {J. Chem. Phys.},
YEAR   = {2003},
VOLUME = {118},
PAGES  = {1184} }

@article{HCH4red12,
AUTHOR = {L. Zhang and Y. Lu and D. H. Zhang and S.-Y. Lee},
TITLE  = {8D NE},
JOURNAL= {J. Chem. Phys.},
YEAR   = {2007},
VOLUME = {127},
PAGES  = {234313} }

@article{HCH4red13,
AUTHOR = {J. Espinosa-Garcia and G. Nyman and J. C. Corchado},
TITLE  = {RLU auf neuer ab initio PES},
JOURNAL= {J. Chem. Phys.},
YEAR   = {2009},
VOLUME = {130},
PAGES  = {184315} }

@article{HCH4red15,
AUTHOR = {Yong Zhou and Chunrui Wang and Dong H. Zhang},
Title = {Effects of reagent vibrational excitation on the dynamics of the {$H+CHD_3 \to H_2+CD_3$} reaction: A seven-dimensional time-dependent wave packet study},
JOURNAL= {J. Chem. Phys.},
YEAR   = {2011},
VOLUME = {135},
PAGES  = {024313} }

@article{HCH4red16,
AUTHOR = {Zhang, WQ and Zhou, Y and Wu, GR and Lu, YP and Pan, HL and Fu, BN and Shuai, QA and Liu, L and Liu, S and Zhang, LL and Jiang, B and Dai, DX and Lee, SY and Xie, Z and Braams, BJ and Bowman, JM and Collins, MA and Zhang, DH and Yang, XM},
Title = {Depression of reactivity by the collision energy in the single barrier {$H+CD_4 \to HD + CD_3$} reaction},
JOURNAL= {PNAS},
YEAR   = {2010},
VOLUME = {107},
PAGES  = {12782} }

@article{HCH4red17,
Author = {Liu, Rui and Xiong, Hongwei and Yang, Minghui},
Title = {An eight-dimensional quantum mechanical Hamiltonian for {X+YCZ(3)} system and its applications to {$H+CH_4$} reaction},
JOURNAL= {J. Chem. Phys.},
Year = {2012},
Volume = {137},
PAGES = {174113} }

@article{HCH4red18,
Author = {Liu, Shu and Chen, Jun and Zhang, Zhaojun and Zhang, Dong H.},
Title = {Communication: A six-dimensional state-to-state quantum dynamics study of the {$H+CH_4 \to H_2+CH_3$} reaction (J=0)},
JOURNAL= {J. Chem. Phys.},
Year = {2013},
Volume = {138},
PAGES = {011101} }

@article{HCH4red19,
Author = {Zhang, Zhaojun and Chen, J. and Liu, S. and Zhang, Dong H. },
Title = {Accuracy of the centrifugal sudden approximation in the {$H+CHD_3 \to H_2 + CD_3$} reaction},
JOURNAL= {J. Chem. Phys.},
Year = {2014},
Volume = {140},
PAGES = {224304} }

@article{HCH4red20,
Author = {Zhang, Zhaojun and Zhang, Dong H. },
Title = {Effects of reagent rotational excitation on the {$H+CHD_3 \to H_2 + CD_3$} reaction: A seven dimensional time-dependent wave packet study},
JOURNAL= {J. Chem. Phys.},
Year = {2014},
Volume = {141},
PAGES = {144309} }

@article{HCH4QTST,
AUTHOR = {J. Pu and J. Corchado and D. Truhlar},
TITLE  = {},
JOURNAL= {J. Chem. Phys.},
YEAR   = {2001},
VOLUME = {115},
PAGES  = {6266} }

@article{HCH4QTST2,
AUTHOR = {J. Pu and D. Truhlar},
TITLE  = {},
JOURNAL= {J. Chem. Phys.},
YEAR   = {2002},
VOLUME = {117},
PAGES  = {1479} }

@article{HCH4direct,
AUTHOR = {J. Pu and D. Truhlar},
TITLE  = {},
JOURNAL= {J. Chem. Phys.},
YEAR   = {2002},
VOLUME = {116},
PAGES  = {1468} }

@article{HCH4direct2,
AUTHOR = {J. Pu and D. Truhlar},
TITLE  = {},
JOURNAL= {J. Chem. Phys.},
YEAR   = {2002},
VOLUME = {117},
PAGES  = {10675} }

@article{HCH4directred,
AUTHOR = {B. Kerkeni and D. C. Clary},
TITLE  = {},
JOURNAL= {J. Chem. Phys.},
YEAR   = {2004},
VOLUME = {120},
PAGES  = {2308} }

@article{HCH4instanton,
AUTHOR = {Y. Zhao and T. Yamamoto and W. H. Miller},
TITLE  = {},
JOURNAL= {J. Chem. Phys.},
YEAR   = {2004},
VOLUME = {120},
PAGES  = {3100} }

@article{HCH4RPMD,
AUTHOR = {Y. V. Suleimanov and R. Collepardo-Guevara and D. E. Manolopoulos},
TITLE  = {},
JOURNAL= {submitted to J. Chem. Phys.},
YEAR   = {2010},
VOLUME = {~},
PAGES  = {~} }

@article{HCH4abinitio1,
AUTHOR = {E. Kraka and J. Gauss and D. Cremer},
TITLE  = {},
JOURNAL= {J. Chem. Phys.},
YEAR   = {1993},
VOLUME = {99},
PAGES  = {5306} }

@article{HCH4abinitio2,
AUTHOR = {K. D. Dobbs and D. A. Dixon},
TITLE  = {},
JOURNAL= {J. Phys. Chem.},
YEAR   = {1994},
VOLUME = {98},
PAGES  = {5290} }

@article{HCH4abinitio3,
AUTHOR = {Y. Kurosaki and T. Takayanagi},
TITLE  = {},
JOURNAL= {J. Chem. Phys.},
YEAR   = {1999},
VOLUME = {110},
PAGES  = {10830} }


% partition function: CH4, CH3

@article{CH4vib1,
AUTHOR = {S. Carter and H. M. Shnider and J. M. Bowman},
TITLE  = {CH4 levels},
JOURNAL= {J. Chem. Phys.},
YEAR   = {1999},
VOLUME = {110},
PAGES  = {8417} }

@article{CH4vib2,
AUTHOR = {T. J. Lee and J. M. L. Martin and P. R. Taylor},
TITLE  = {CH4 PES},
JOURNAL= {J. Chem. Phys.},
YEAR   = {1995},
VOLUME = {102},
PAGES  = {254} }

% PES: CH4, CH3

@article{CH4PES,
AUTHOR = {R. Marquardt and M. Quack},
TITLE  = {CH4 PES},
JOURNAL= {J. Phys. Chem. A},
YEAR   = {2004},
VOLUME = {108},
PAGES  = {3166} }

@article{CH3PES,
author              = { D. M. Medvedev and L. B. Harding and S. K. Gray },
title               = { Methyl radical: ab initio global potential surface, vibrational levels and partition function },
journal             = { Molecular Physics },
volume              = { 104 },
year                = { 2006 },
pages               = { 73 } }

% Experiment Rate

@article{Exp1994,
AUTHOR = {P.-M. Marquaire and A. G. Dastidar and K. C. Manthorne and P. D. Pacey},
TITLE  = {},
JOURNAL= {Can. J. Chem.},
YEAR   = {1994},
VOLUME = {72},
PAGES  = {600} }

@article{Exp2001,
AUTHOR = {J. W. Sutherland and M.-C. Su and J. V. Michael},
TITLE  = {},
JOURNAL= {Inter. J. Chem. Kinetics},
YEAR   = {2001},
VOLUME = {33},
PAGES  = {669} }

@article{BAULCH,
AUTHOR = {D.L. Baulch and C.J. Cobos and R.A. Cox and  C. Esser, P. Frank and Th. Just and J.A. Kerr and M.J. Pilling and J. Troe and R.W. Walker and J. Warnatz},
TITLE  = {},
JOURNAL= {J. Chem. Phys. Ref. Data},
YEAR   = {1992},
VOLUME = {21},
PAGES  = {411} }


@article{BERLIE,
AUTHOR = {M.R. Berlie and D.J. LeRoy},
TITLE  = {},
JOURNAL= {Can. J. Chem.},
YEAR   = {1954},
VOLUME = {32},
PAGES  = {650} }

@article{BACK,
AUTHOR = {R. A. Back and D. Van Der Auwera},
TITLE  = {},
JOURNAL= {Can. J. Chem.},
YEAR   = {1962}, 
VOLUME = {40},
PAGES  = {2339} }

@article{KURLYO,
AUTHOR = {M. J. Kurlyo and  G. A. Hollinden and R. B. Timmons},
TITLE  = {},
JOURNAL= {J. Chem. Phys.},
YEAR   = {1970},
VOLUME = {52},
PAGES  = {1773} }

@article{ARAI,
AUTHOR = {H. Arai and S. Nagai and K. Matsuda and M. Hatada},
TITLE  = {},
JOURNAL= {Radiat. Phys. Chem.},
YEAR   = {1981},
VOLUME = {17},
PAGES  = {151} }

@article{BAECK,
AUTHOR = {H.J. Baeck and K.S. Shin},
TITLE  = {},
JOURNAL= {J. Phys. Chem.},
YEAR   = {1995},
VOLUME = {99},
PAGES  = {15925} }

@article{KNYAZEV,
AUTHOR = {V.D. Knyazev and A. Bencsura and S.I. Stoliarov and I.R. Slagle},
TITLE  = {},
JOURNAL= {J. Phys. Chem.},
YEAR   = {1996},
VOLUME = {100},
PAGES  = {11346} }

@article{RABINOWITZ,
AUTHOR = {M.J. Rabinowitz and J.W. Sutherland and P.M. Patterson and R.B. Klemm},
TITLE  = {},
JOURNAL= {J. Phys. Chem.},
YEAR   = {1991},
VOLUME = {95},
PAGES  = {674} }

@article{MOMOSE,
AUTHOR = {T. Momose and H. Hoshina and N. Sogoshi and H. Katsuki and T. Wakabayashi and T. Shida},
TITLE  = {},
JOURNAL= {J. Chem. Phys.},
YEAR   = {1998},
VOLUME = {108},
PAGES  = {7334} }

@article{BUNKE1,
AUTHOR = {D.L. Bunker and M.D. Pattengrill},
TITLE  = {},
JOURNAL= {J. Chem. Phys.},
YEAR   = {1970},
VOLUME = {53},
PAGES  = {3041} }

@article{BUNKE2,
AUTHOR = {T. Valencich and D.L. Bunker},
TITLE  = {},
JOURNAL= {J. Chem. Phys.},
YEAR   = {1974},
VOLUME = {61},
PAGES  = {21} }

@article{BUNKE3,
AUTHOR = {S. Chapman and D.L. Bunker},
TITLE  = {},
JOURNAL= {J. Chem. Phys.},
YEAR   = {1975},
VOLUME = {62},
PAGES  = {2890} }

@article{RAFF,
AUTHOR = {L.M. Raff},
TITLE  = {},
JOURNAL= {J. Chem. Phys.},
YEAR   = {1974},
VOLUME = {60},
PAGES  = {2220} }

% Experiment Streuung

@article{HCH4exp1,
AUTHOR = {W. Hu and G. Lendvay and D. Troya and G. C. Schatz and J. P. Camden
and H. A. Bechtel and D. J. A. Brown and M. R. Martin and R. N. Zare},
TITLE  = {},
JOURNAL= {J. Phys. Chem. A},
YEAR   = {2006},
VOLUME = {110},
PAGES  = {3017} }

@article{HCH4exp2,
AUTHOR = {J. P. Camden and H. A. Bechtel and D. J. A. Brown and R. N. Zare},
TITLE  = {H/Cl+CH4 },
JOURNAL= {J. Chem. Phys.},
YEAR   = {2006},
VOLUME = {124},
PAGES  = {034311} }

@article{{HCH4exp3,
Author = {Pan, Huilin and Yang, Jiayue and Shuai, Quan and Zhang, Dong and Zhang, Weiqing and Wu, Guorong and Dai, Dongxu and Jiang, Bo and Zhang, Donghui and Yang, Xueming},
Title = {Velocity Map Imaging Study of the Reaction Dynamics of the H + CH4 ->
   H-2 + CH3 Reaction: The Isotope Effects},
Journal = {J. Phys. Chem. A},
Year = {2014},
Volume = {118},
Number = {13},
Pages = {2426-2430}}

% CH4 + H related Papers


@article{WALCH,
AUTHOR = {S.P. Walch},
TITLE  = {},
JOURNAL= {J. Chem. Phys.},
YEAR   = {1980},
VOLUME = {72},
PAGES  = {4932} }

@article{SCHATZ,
AUTHOR = {G.C. Schatz and A.F. Wagner and T.H. Dunning Jr.},
TITLE  = {},
JOURNAL= {J. Phys. Chem.},
YEAR   = {1984},
VOLUME = {88},
PAGES  = {221} }

@article{TRUHLAR1,
AUTHOR = {R. Steckler and  K. Dykema and F.B. Brown and G.C. Hancock and D.G. Truhlar and T. Valencich},
TITLE  = {},
JOURNAL= {J. Chem. Phys.},
YEAR   = {1987},
VOLUME = {87},
PAGES  = {7024} }

@article{TRUHLAR2,
AUTHOR = {T. Joseph and R. Steckler and D.G. Truhlar},
TITLE  = {},
JOURNAL= {J. Chem. Phys.},
YEAR   = {1987},
VOLUME = {87},
PAGES  = {7036} }

@article{DUCHOVIC,
AUTHOR = {R.J. Duchovic and W.L. Hase and H.B. Schlegel},
TITLE  = {},
JOURNAL= {J. Phys. Chem.},
YEAR   = {1984},
VOLUME = {88},
PAGES  = {1339} }

@article{JORDAN,
AUTHOR = {M.J.T. Jordan and R.G. Gilbert},
TITLE  = {},
JOURNAL= {J. Chem. Phys.},
YEAR   = {1995},
VOLUME = {102},
PAGES  = {5669} }

@article{TAKA1,
AUTHOR = {T. Takayanagi},
TITLE  = {},
JOURNAL= {J. Chem. Phys.},
YEAR   = {1996},
VOLUME = {104},
PAGES  = {2237} }

@article{YU,
AUTHOR = {H-G. Yu and G. Nyman},
TITLE  = {},
JOURNAL= {J. Chem. Phys.},
YEAR   = {1999},
VOLUME = {111},
PAGES  = {3508} }

@article{CORCHADO,
AUTHOR = {J. Espinosa-Garc\'{\i}a and J.C. Garc\'{\i}a-Bern\'aldez},
TITLE  = {},
JOURNAL= {Phys. Chem. Chem. Phys.},
YEAR   = {2000},
VOLUME = {2},
PAGES  = {2345} }


@article{ZHANG,
AUTHOR = {M.L. Wang and Y. Li and J.Z.H. Zhang and D.H. Zhang},
TITLE  = {},
JOURNAL= {J. Chem. Phys.},
YEAR   = {2000},
VOLUME = {113},
PAGES  = {1802} }
