% Potentialflaechen

@article{LSTH1,
AUTHOR = {P. Siegbahn and B. Liu},
TITLE  = {},
JOURNAL= {J. Chem. Phys.},
YEAR   = {1978},
VOLUME = {68},
PAGES  = {2457} }

@article{LSTH2,
AUTHOR = {D. G. Truhlar and C. J. Horowitz},
TITLE  = {},
JOURNAL= {J. Chem. Phys.},
YEAR   = {1978},
VOLUME = {68},
PAGES  = {2466} }

@article{LSTH3,
AUTHOR = {D. G. Truhlar and C. J. Horowitz},
TITLE  = {},
JOURNAL= {J. Chem. Phys.},
YEAR   = {1979},
VOLUME = {71},
PAGES  = {1514} }

% Streurechnungen

@article{StreuH+H2,
AUTHOR = {G. C. Schatz and A. Kuppermann},
TITLE  = {},
JOURNAL= {J. Chem. Phys.},
YEAR   = {1976},
VOLUME = {65},
PAGES  = {4668} }

@article{StreuJ=0,
AUTHOR = {F. Webster and J. C. Light},
TITLE  = {},
JOURNAL= {J. Chem. Phys.},
YEAR   = {1989},
VOLUME = {90},
PAGES  = {265} }

@article{ZM,
AUTHOR = {J. Z. H. Zhang and W. H. Miller},
TITLE  = {},
JOURNAL= {Chem. Phys. Lett.},
YEAR   = {1987},
VOLUME = {140},
PAGES  = {329} }


