% H2+CN

@article{BowmanH2CN,
AUTHOR = {Q. Sun and D. L. Yang and N. S. Wang and J. M. Bowman and M. C. Lin},
TITLE  = {},
JOURNAL= {J. Chem. Phys.},
YEAR   = {1990},
VOLUME = {93},
PAGES  = {4730} }

@article{ClaryH2CN,
AUTHOR = {A. N. Brooks and D. C. Clary},
TITLE  = {},
JOURNAL= {J. Chem. Phys.},
YEAR   = {1990},
VOLUME = {92},
PAGES  = {4178} }

@article{H2CNPES,
AUTHOR = {M. A. ter Horst and G. C. Schatz and L. B. Harding},
TITLE  = {},
JOURNAL= {J. Chem. Phys.},
YEAR   = {1996},
VOLUME = {105},
PAGES  = {558} }

@article{H2CNstreu1,
AUTHOR = {T. Takayanagi and M. A. ter Horst and G. C. Schatz},
TITLE  = {},
JOURNAL= {J. Chem. Phys.},
YEAR   = {1996},
VOLUME = {105},
PAGES  = {2309} }

@article{H2CNstreu2,
AUTHOR = {T. Takayanagi and G. C. Schatz},
TITLE  = {},
JOURNAL= {J. Chem. Phys.},
YEAR   = {1997},
VOLUME = {106},
PAGES  = {3227} }

@article{H2CNtraj,
AUTHOR = {G. A. Bethardy and A. F. Wagner and G. C. Schatz and M. A. ter Horst},
TITLE  = {},
JOURNAL= {J. Chem. Phys.},
YEAR   = {1997},
VOLUME = {106},
PAGES  = {6001} }

@article{H2CNexp1,
AUTHOR = {I. R. Sims and I. W. M. Smith},
TITLE  = {},
JOURNAL= {Chem. Phys. Lett.},
YEAR   = {1988},
VOLUME = {149},
PAGES  = {565} }

@article{H2CNexp2,
AUTHOR = {B. Atakan and A. Jacobs and M. Wahl and R. Weller and J. Wolfrum},
TITLE  = {},
JOURNAL= {Chem. Phys. Lett.},
YEAR   = {1989},
VOLUME = {154},
PAGES  = {449} }

@article{NEHO2,
AUTHOR = {C. Leforestier and W. H. Miller},
TITLE  = {},
JOURNAL= {J. Chem. Phys.},
YEAR   = {1994},
VOLUME = {100},
PAGES  = {733} }









