
@article{H2OHPES,
AUTHOR = {G. C. Schatz and H. Elgersma},
TITLE  = {},
JOURNAL= {Chem. Phys. Lett.},
YEAR   = {1980},
VOLUME = {21},
PAGES  = {73} }

@article{H2OHabinitio,
AUTHOR = {S. P. Walch and T. H. Dunning},
TITLE  = {},
JOURNAL= {J. Chem. Phys.},
YEAR   = {1980},
VOLUME = {72},
PAGES  = {1303} }

@article{H2OHkin,
AUTHOR = {X. Chapuisat and A. Belafhal and A. Nauts},
TITLE  = {},
JOURNAL= {J. Mol. Spec.},
YEAR   = {1991},
VOLUME = {149},
PAGES  = {274} }

@article{ravish,
AUTHOR = {A. R. Ravishankara and J. M. Nicovich and R. L. Thompson and F. P. Tully},
TITLE  = {},
JOURNAL= {J. Phys. Chem.},
YEAR   = {1981},
VOLUME = {85},
PAGES  = {2498} }

@article{H2OHTST,
AUTHOR = {A. D. Isaacson and D. G. Truhlar},
TITLE  = {},
JOURNAL= {J. Chem. Phys.},
YEAR   = {1982},
VOLUME = {76},
PAGES  = {1380} }

@article{H2OHmJS,
AUTHOR = {J. M. Bowman and H. M. Shnider},
TITLE  = {},
JOURNAL= {J. Chem. Phys.},
YEAR   = {1999},
VOLUME = {110},
PAGES  = {4428} }

@article{H2OHnewPES,
AUTHOR = {M. Yang and D. H. Zhang and M. A. Collins and S.-Y. Lee},
TITLE  = {},
JOURNAL= {J. Chem. Phys.},
YEAR   = {2001},
VOLUME = {114},
PAGES  = {4759} }

@article{H2OHnewPES2,
AUTHOR = {M. Yang and D. H. Zhang and M. A. Collins and S.-Y. Lee},
TITLE  = {},
JOURNAL= {J. Chem. Phys.},
YEAR   = {2001},
VOLUME = {115},
PAGES  = {174} }

@article{H2OHscience,
AUTHOR = {D. H. Zhang and M. A. Collins and S.-Y. Lee},
TITLE  = {},
JOURNAL= {Science},
YEAR   = {2000},
VOLUME = {290},
PAGES  = {961} }

@article{D2OHnewPES,
AUTHOR = {D. H. Zhang and M. Yang and S.-Y. Lee},
TITLE  = {},
JOURNAL= {J. Chem. Phys.},
YEAR   = {2002},
VOLUME = {116},
PAGES  = {2388} }

@article{HDOHscience,
Author = {Xiao, Chunlei and Xu, Xin and Liu, Shu and Wang, Tao and Dong, Wenrui
   and Yang, Tiangang and Sun, Zhigang and Dai, Dongxu and Xu, Xin and
   Zhang, Dong H. and Yang, Xueming},
Title = {{Experimental and Theoretical Differential Cross Sections for a Four-Atom
   Reaction: HD+OH -> H2O+D}},
Journal = {{Science}},
Year = {{2011}},
Volume = {{333}},
Number = {{6041}},
Pages = {{440}}
}
