@article{ExpI2Ne2a,
AUTHOR = {J. A. Blazy and B. M. DeKoven and T. D. Russell and D. H. Levy},
TITLE  = {},
JOURNAL= {J. Chem.Phys.},
YEAR   = {1980},
VOLUME = {72},
PAGES  = {2439} }

@article{ExpI2Ne2b,
AUTHOR = {J.~E. Kenny and K.~E. Johnson and W. Sharfin and D.~H. Levy},
TITLE  = {},
JOURNAL= {J. Chem. Phys.},
YEAR   = {1980},
VOLUME = {72},
PAGES  = {1109} }

@article{ExpI2Ne2c,
AUTHOR = {M. Gutman and D.~M. Willberg and A.~H. Zewail},
TITLE  = {},
JOURNAL= {J. Chem. Phys.},
YEAR   = {1992},
VOLUME = {97},
PAGES  = {8048} }

@article{TrajvdW1,
AUTHOR = {A. Garcia-Vela and A. Aaa and B. Bbb and C. Ccc and D. Ddd},
TITLE  = {},
JOURNAL= {J. Chem. Phys.},
YEAR   = {1996},
VOLUME = {104},
PAGES  = {8405} }

@article{TrajvdW2,
AUTHOR = {A. Bastida and A. Aaa and B. Bbb and C. Ccc and D. Ddd},
TITLE  = {},
JOURNAL= {J. Chem. Phys.},
YEAR   = {1998},
VOLUME = {109},
PAGES  = {6320} }

@article{,
AUTHOR = {},
TITLE  = {},
JOURNAL= {},
YEAR   = {},
VOLUME = {},
PAGES  = {} }

\begin{thebibliography}{10}

\bibitem{ExpvdW}
J.~A. Blazy {\it et~al.}, J. Chem. Phys. {\bf
  72},  2439  (1980). \\
B.~A. Swartz {\it et~al.}, J. Phys. Chem. {\bf
  88},  6272  (1984). \\
J.~C. Drobits und M.~I. Lester, J. Chem. Phys. {\bf 86},  1662  (1987). \\
S.~R. Hair {\it et~al.}, J. Chem. Phys. {\bf
  90},  2935  (1989).\\
C.~R. Bieler, D.~D. Evard und K.~C. Janda, J. Chem. Phys. {\bf 94},  7452
  (1990).\\
W.~D. Sands, C.~R. Bieler und K.~C. Janda, J. Chem. Phys. {\bf 95},  729
  (1991).

\bibitem{ExpI2Ne2}
J. A. Blazy, B. M. DeKoven, T. D. Russell, and D. H. Levy, 
{\sl J. Chem.Phys.} {\bf 72}, 2439 (1980).\\
J.~E. Kenny, K.~E. Johnson, W. Sharfin und D.~H. Levy, J. Chem. Phys. {\bf
  72},  1109  (1980).\\
M. Gutman, D.~M. Willberg und A.~H. Zewail, J. Chem. Phys. {\bf 97},  8048
  (1992).

\bibitem{QMvdW}
P. Villarreal, A. Varade und G. Delgado-Barrio, J. Chem. Phys. {\bf 90},  2684
   (1989).\\
F.~L. Quere und S.~K. Gray, J. Chem. Phys. {\bf 98},  5396  (1993).

\bibitem{QMI2Ne2}
O. Roncero {\it et~al.}, Chem. Phys. Lett. {\bf 246},  187  (1995).

\bibitem{TrajvdW}
A. Garcia-Vela {\it et~al.}, J. Chem. Phys. {\bf 104},  8405  (1996).\\
A. Bastida {\it et~al.}, J. Chem. Phys. {\bf 109},  6320  (1998).

\end{thebibliography}{10}
