%------------------
% MA - Experimente
%------------------
@ARTICLE{MAexp1,
AUTHOR = " W.F. Rowe and R.W. Duerst and E.B. Wilson",
TITLE = {},
JOURNAL = {J. Am. Chem. Soc.},
VOLUME = 98,
YEAR = 1976,
PAGES = {4021}}

@ARTICLE{MAexp2,
AUTHOR = "S.L. Baughcum and R.W. Duerst and W.F. Rowe and Z. Smith and E.B. Wilson",
TITLE = {Microwave spectroscopic study of malonaldehyde (3-hydroxy-2-propenal). 2. Structure, dipole moment, and tunneling},
JOURNAL = {J. Am. Chem. Soc.},
VOLUME = 103,
YEAR = 1981,
PAGES = {6296--6303}}

@ARTICLE{MAexp3,
AUTHOR = "S.L. Baughcum and Z. Smith and E.B. Wilson and R.W. Duerst",
TITLE = {Microwave Spectroscopic Study of Malonaldehyde. 3. Vibration-Rotation Interaction and One-Dimensional Model for Proton Tunneling},
JOURNAL = {J. Am. Chem. Soc.},
VOLUME = 106,
YEAR = 1984,
PAGES = {2260--2265}}

@ARTICLE{MAexp4,
AUTHOR = "Paul Turner and Steven L. Baughcum and Stephen L. Coy and Zuzana Smith",
TITLE = {Microwave spectroscopic study of malonaldehyde. 4. Vibration-rotation interaction in parent species},
JOURNAL = {J. Am. Chem. Soc.},
VOLUME = 106,
YEAR = 1984,
PAGES = {2265--2267}}

@ARTICLE{MAexp5,
AUTHOR = "D. W. Firth and K. Beyer and M. A. Dvorak and S. W. Reeve and A. Grushow and K. R. Leopold",
TITLE = {Tunable far-infrared spectroscopy of malonaldehyde},
JOURNAL = {J. Chem. Phys.},
VOLUME = 94,
NUMBER = 3,
YEAR = 1991,
PAGES = {1812--1819}}

@ARTICLE{MAexp6,
AUTHOR = " Takeshi Baba and Takehiko Tanaka and Isamu Morino and Koichi M. T. Yamada and Keiichi Tanaka",
TITLE = {Detection of the tunneling-rotation transitions of malonaldehyde in the submillimeter-wave region},
JOURNAL = {J. Chem. Phys.},
VOLUME = 110,
NUMBER = 9,
YEAR = 1999,
PAGES = {4131--4133}}

@ARTICLE{MAexp7,
AUTHOR = "C.J. Seliskar and R.E. Hofmann",
TITLE = {On the Infrared Spectrum of Malonaldehyde, A Tunneling Hydrogen-Bonded Molecule},
JOURNAL = {{J.\ Mol.\ Spectrosc.}},
VOLUME = 96,
YEAR = 1982,
PAGES = {146-155}}

@ARTICLE{MAexp8,
AUTHOR = "Zuzana Smith and E. Bright Wilson and Richard W. Duerst",
TITLE = {The infrared spectrum of gaseous malonaldehyde (3-hydroxy-2-propenal)},
JOURNAL = {{Spectrochim.\ Acta}, Part A},
VOLUME = 39,
NUMBER = 12,
YEAR = 1983,
PAGES = {1117--1129}}

@ARTICLE{MAexp9,
AUTHOR = "Chuanxi Duan and David Luckhaus",
TITLE = {High resolution IR-diode laser jet spectroscopy of malonaldehyde},
JOURNAL = {{Chem.\ Phys.\ Lett.}},
VOLUME = 391,
YEAR = 2004,
PAGES = {129--133}}

@ARTICLE{MAexp10,
AUTHOR = "T. N. Wassermann and D. Luckhaus and S. Coussan and M. A. Suhm",
TITLE = {Proton tunneling estimates for malonaldehyde vibrations from supersonic jet and matrix quenching experiments},
JOURNAL ={PCCP},
VOLUME = 8,
YEAR = 2006,
PAGES = {2344--2348}}

@ARTICLE{MAexp11,
AUTHOR = "N. O. B. L{\"u}ttschwager and T. N. Wassermann and S. Coussan and M. A. Suhm",
TITLE = {malonaldehyde tunneling splittings of CH and OH bending modes},
JOURNAL ={PCCP},
VOLUME = 12,
YEAR = 2010,
PAGES = {8201--8207}}

%---------------
% MA - Theorie
%---------------
% PES

@Article{MAPES,
  author = {K. Yagi and T. Taketsugu and K. Hirao},
  title = {Generation of full-dimensional potential energy surface of
     intramolecular hydrogen atom transfer in malonaldehyde and tunneling
     dynamics},
  journal = {J. Chem. Phys.},
  volume = {115},
  pages = {10647},
  year = {2001}
}

@ARTICLE{MAPES2,
AUTHOR = "Yimin Wang and Bastiaan J. Braams and Joel M. Bowman and Stuart Carter and David P. Tew",
TITLE = {Full-dimensional quantum calculations of ground-state tunneling splitting of malonaldehyde using an accurate ab initio potential energy surface},
JOURNAL = {J. Chem. Phys.},
VOLUME = 128,
YEAR = 2008,
PAGES = {224314}}

% VCI

@ARTICLE{MAVCI,
AUTHOR = "David P. Tew and Nicholas C. Handy and Stuart Carter",
TITLE = {A reaction surface Hamiltonian study of malonaldehyde},
JOURNAL = {J. Chem. Phys.},
VOLUME = 125,
YEAR = 2006,
PAGES = {084313}}

% Instanton

() @Article{MAinstanton1,
  author = {G. V. Mil'nikov and K. Yagi and T. Taketsugu and H. Nakamura
     and K. Hirao},
  title = {Tunneling splitting in polyatomic molecules: {Application} to
     malonaldehyde},
  journal = {J. Chem. Phys.},
  volume = {119},
  pages = {10},
  year = {2003},
}

@ARTICLE{MAinstanton2,
  author    =  "G. V. Mil{'}nikov and K. Yagi and T. Taketsugu and H. Nakamura and K. Hirao",
  title     =  "Simple and accurate method to evaluate tunneling splitting in polyatomic molecules",
  journal   =  JCP,
  year      =  2004,
  volume    =  120,
  pages     =  "5036"}

@ARTICLE{MAinstanton3,
AUTHOR = "Christofer S. Tautermann and Andreas F. Voegele and Thomas Loerting and Klaus R. Liedl",
TITLE = {The optimal tunneling path for the proton transfer in malonaldehyde},
JOURNAL = {J. Chem. Phys.},
VOLUME = 117,
NUMBER = 5,
YEAR = 2002,
PAGES = {1962--1966}}

@ARTICLE{MAinstanton4,
AUTHOR = "Christofer S. Tautermann and Andreas F. Voegele and Thomas Loerting and Klaus R. Liedl",
TITLE = {An accurate semiclassical method to predict ground-state tunneling splittings},
JOURNAL = {J. Chem. Phys.},
VOLUME = 117,
NUMBER = 5,
YEAR = 2002,
PAGES = {1967--1974}}

% Sonstige

@ARTICLE{MAtheo1,
AUTHOR = "Tucker Carrington and William H. Miller",  
TITLE = {Reaction surface description of intramolecular hydrogen atom transfer in malonaldehyde},
JOURNAL = {J. Chem. Phys.},
VOLUME = 84,
NUMBER = 8,
YEAR = 1986,
PAGES = {4364--4370}}

@ARTICLE{MAtheo2,
AUTHOR = "Norihiro Shida and Paul F. Barbara and Jan E. {Alml\"of}",  
TITLE = {A theoretical study of multidimensional nuclear tunneling in malonaldehyde},
JOURNAL = {J. Chem. Phys.},
VOLUME = 91,
NUMBER = 7,
YEAR = 1989,
PAGES = {4061--4072}}

@ARTICLE{MAtheo3,
AUTHOR = "Nancy Makri and William H. Miller",
TITLE = {A semiclassical tunneling model for use in classical trajectory simulations},
JOURNAL = {J. Chem. Phys.},
VOLUME = 91,
NUMBER = 7,
YEAR = 1989,
PAGES = {4026--4036}}

@ARTICLE{MAtheo4,
AUTHOR = "Zorka Smedarchina and Willem Siebrand and Marek Z. Zgierski",
TITLE = {An instanton approach to intramolecular hydrogen exchange: Tunneling splittings in malonaldehyde and the hydrogenoxalate anion},
JOURNAL = {J. Chem. Phys.},
VOLUME = 103,
NUMBER = 13,
YEAR = 1995,
PAGES = {5326--5334}}

@ARTICLE{MAtheo5,
AUTHOR = "Thomas D. Sewell and Yin Guo and Donald L. Thompson",
TITLE = {Semiclassical calculations of tunneling splitting in malonaldehyde},
JOURNAL = {J. Chem. Phys.},
VOLUME = 103,
NUMBER = 19,
YEAR = 1995,
PAGES = {8557--8565}}

@ARTICLE{MAtheo6,
AUTHOR = "M. Ben-Nun and T.J. Mart\'inez",
TITLE = {Semiclassical Tunneling Rates from Ab Initio Molecular Dynamics},
JOURNAL = {{J.\ Phys.\ Chem.\ A}},
VOLUME = 103,
YEAR = 1999,
PAGES = {6055-6059}}

@ARTICLE{MAtheo7,
AUTHOR = "V. A. Benderskii and E. V. Vetoshkin and I. S. Irgibaeva and H. P. Trommsdorff",
TITLE = {Tunneling splittings in vibrational spectra of non-rigid molecules: IX. Malonaldehyde and its isotopomers as a test case for fully coupled multidimensional tunneling dynamics},
JOURNAL = {{Chem.\ Phys.}},
VOLUME = 262,
YEAR = 2000,
PAGES = {393-422}}

@ARTICLE{MAtheo8,
AUTHOR = "Mark E. Tuckerman and Dominik Marx",
TITLE = {Heavy-Atom Skeleton Quantization and Proton Tunneling in \glqq Intermediate-Barrier\grqq{} Hydrogen Bonds},
JOURNAL = {Phys. Rev. Lett.},
VOLUME = 86,
NUMBER = 21,
YEAR = 2001,
PAGES = {4946--4949}}

@ARTICLE{MAtheo9,
AUTHOR = "Anirban Hazra and Jonathan H. Skone and Sharon Hammes-Schiffer",
TITLE = {Combining the nuclear-electronic orbital approach with vibronic coupling theory: Calculation of the tunneling splitting for malonaldehyde},
JOURNAL = {J. Chem. Phys.},
VOLUME = 120,
YEAR = 2009,
PAGE = 054108}

