% MCTDH for fermion systems

% MCTDH for bosonic systems


@article{MCTDHaF_1,
Author = {Zollner, S and Meyer, HD and Schmelcher, P},
Title = {{Multi-electron giant dipole resonances of atoms in crossed electric and
   magnetic fields}},
Journal = {{EUROPHYSICS LETTERS}},
Year = {{2005}},
Volume = {{71}},
Pages = {{373-379}},
DOI = {{10.1209/epl/i2005-10090-6}}}

@article{MCTDHaF_2,
Author = {Zollner, S and Meyer, HD and Schmelcher, P},
Title = {{N-electron giant dipole states in crossed electric and magnetic fields}},
Journal = {{PHYSICAL REVIEW A}},
Year = {{2005}},
Volume = {{72}},
DOI = {{10.1103/PhysRevA.72.033416}},
Pages = {{033416}}}

% MCTDHF

@article{MCTDHF_1,
Author = {Zanghellini, J. and Kitzler, M. and Fabian, C. and Brabec, T. and Scrinzi, A.},
Title = {An MCTDHF approach to multielectron dynamics in laser fields},
Journal = {Laser Phys.},
Year = {2003},
Volume = {13},
Pages = {1064-1068}}

@article{MCTDHF_2,
Author = {T. Kato and H. Kono},
Title = {Time-dependent multiconfiguration theory for electronic dynamics of
   molecules in an intense laser field},
Journal = {Chem. Phys. Lett.},
Year = {2004},
Volume = {392},
Pages = {533-540},
DOI= {10.1016/j.cplett.2004.05.106}}

@article{MCTDHF_3,
Author = {M. Nest and T. Klamroth and M. Nest},
Title = {The multiconfiguration time-dependent Hartree-Fock method for quantum
   chemical calculations},
Journal = {J. Chem. Phys.},
Year = {2005},
Volume = {122},
Pages = {124102},
DOI={10.1063/1.1862243}}

@article{MCTDHFex1,
Author = {Kitzler, M and Zanghellini, J and Jungreuthmayer, C and Smits, M and
   Scrinzi, A and Brabec, T},
Title = {{Ionization dynamics of extended multielectron systems}},
Journal = {{Phys. Rev. A}},
Year = {{2004}},
Volume = {{70}},
Pages = {{041401}},
DOI = {{10.1103/PhysRevA.70.041401}} }

@article{MCTDHFex2,
Author = {Caillat, J and Zanghellini, J and Kitzler, M and Koch, O and Kreuzer, W
   and Scrinzi, A},
Title = {{Correlated multielectron systems in strong laser fields: A
   multiconfiguration time-dependent Hartree-Fock approach}},
Journal = {{Phys. Rev. A}},
Year = {{2005}},
Volume = {{71}},
Pages = {{012712}},
DOI = {{10.1103/PhysRevA.71.012712}} }

@article{MCTDHFex3,
Author = {Kato, Tsuyoshi and Kono, Hirohiko},
Title = {{Time-dependent multiconfiguration theory for electronic dynamics of
   molecules in intense laser fields: A description in terms of numerical
   orbital functions}},
Journal = {{J. Chem. Phys.}},
Year = {{2008}},
Volume = {{128}},
Pages = {{184102}},
DOI = {{10.1063/1.2912066}} }

@article{MCTDHFN_1,
Author = {Nest, M.},
Title = {{The multi-configuration electron-nuclear dynamics method}},
Journal = {{Chem. Phys. Lett.}},
Year = {{2009}},
Volume = {{472}},
Pages = {171-174},
DOI = {10.1016/j.cplett.2009.03.013} }

@article{MCTDHFN_2,
Author = {Ulusoy, Inga S. and Nest, Mathias},
Title = {The multi-configuration electron-nuclear dynamics method applied to LiH},
Journal = {J. Chem. Phys.},
Year = {2012},
Volume = {136},
Pages = {054112}},
DOI = {{10.1063/1.3682091}} }