% MCTDH for bosonic systems

@article{MCTDHaB_1,
Author = {Zoellner, Sascha and Meyer, Hans-Dieter and Schmelcher, Peter},
Title = {{Ultracold few-boson systems in a double-well trap}},
Journal = {{Phys. Rev. A}},
Year = {{2006}},
Volume = {{74}},
Pages = {{053612}},
DOI = {{10.1103/PhysRevA.74.053612}}}

@article{MCTDHaB_2,
Author = {Zoellner, Sascha and Meyer, Hans-Dieter and Schmelcher, Peter},
Title = {Correlations in ultracold trapped few-boson systems: Transition from
   condensation to fermionization},
Journal = {Phys. Rev. A},
Year = {2006},
Volume = {74},
Pages = {063611},
DOI = {10.1103/PhysRevA.74.063611}}

@article{MCTDHaB_3,
Author = {Matthies, Christian and Zoellner, Sascha and Meyer, Hans-Dieter and
   Schmelcher, Peter},
Title = {{Quantum dynamics of two bosons in an anharmonic trap: Collective versus
   internal excitations}},
Journal = {{Phys. Rev. A}},
Year = {{2007}},
Volume = {{76}},
Pages = {{023602}},
DOI = {{10.1103/PhysRevA.76.023602}}}

@article{MCTDHaB_4,
Author = {Zoellner, Sascha and Meyer, Hans-Dieter and Schmelcher, Peter},
Title = {{Few-boson dynamics in double wells: From single-atom to correlated pair
   tunneling}},
Journal = {{Phys. Rev. Lett.}},
Year = {{2008}},
Volume = {{100}},
Pages = {{040401}},
DOI = {{10.1103/PhysRevLett.100.040401}}}

@article{MCTDHaB_5,
Author = {Zoellner, Sascha and Meyer, Hans-Dieter and Schmelcher, Peter},
Title = {{Composite fermionization of one-dimensional Bose-Bose mixtures}},
Journal = {{Phys. Rev. A}},
Year = {{2008}},
Volume = {{78}},
Pages = {{013629}},
DOI = {{10.1103/PhysRevA.78.013629}}}

@article{MCTDHaB_6,
Author = {Tempfli, Emmerich and Zoellner, Sascha and Schmelcher, Peter},
Title = {{Excitations of attractive 1D bosons: binding versus fermionization}},
Journal = {{NEW JOURNAL OF PHYSICS}},
Year = {{2008}},
Pages = {{103021}},
DOI = {{10.1088/1367-2630/10/10/103021}}}

@article{MCTDHaB_7,
Author = {Eckart, M. and Walser, R. and Schleich, W. P. and Zoellner, S. and
   Schmelcher, P.},
Title = {{The granularity of weakly occupied bosonic fields beyond the local
   density approximation}},
Journal = {{NEW JOURNAL OF PHYSICS}},
Year = {{2009}},
Volume = {{11}},
Pages = {{023010}},
DOI = {{10.1088/1367-2630/11/2/023010}}}

@article{MCTDHaB_8,
Author = {Tempfli, Emmerich and Zoellner, Sascha and Schmelcher, Peter},
Title = {{Binding between two-component bosons in one dimension}},
Journal = {{NEW JOURNAL OF PHYSICS}},
Year = {{2009}},
Volume = {{11}},
Pages = {{073015}},
DOI = {{10.1088/1367-2630/11/7/073015}}}

@article{MCTDHaB_9,
Author = {Pflanzer, Anika C. and Zollner, Sascha and Schmelcher, Peter},
Title = {{Material-barrier tunnelling in one-dimensional few-boson mixtures}},
Journal = {{JOURNAL OF PHYSICS B-ATOMIC MOLECULAR AND OPTICAL PHYSICS}},
Year = {{2009}},
Volume = {{42}},
Pages = {{231002}},
DOI = {{10.1088/0953-4075/42/23/231002}}}

@article{MCTDHaB_10,
Author = {Pflanzer, Anika C. and Zoellner, Sascha and Schmelcher, Peter},
Title = {{Interspecies tunneling in one-dimensional Bose mixtures}},
Journal = {{Phys. Rev. A}},
Year = {{2010}},
Volume = {{81}},
Pages = {{023612}},
DOI = {{10.1103/PhysRevA.81.023612}}}

@article{MCTDHaB_11,
Author = {Brouzos, Ioannis and Zollner, Sascha and Schmelcher, Peter},
Title = {{Correlation versus commensurability effects for finite bosonic systems
   in one-dimensional lattices}},
Journal = {{Phys. Rev. A}},
Year = {{2010}},
Volume = {{81}},
Pages = {{053613}},
DOI = {{10.1103/PhysRevA.81.053613}}}

@article{MCTDHaB_12,
Author = {Chatterjee, Budhaditya and Brouzos, Ioannis and Zollner, Sascha and
   Schmelcher, Peter},
Title = {{Few-boson tunneling in a double well with spatially modulated
   interaction}},
Journal = {{Phys. Rev. A}},
Year = {{2010}},
Volume = {{82}},
Pages = {{043619}},
DOI = {{10.1103/PhysRevA.82.043619}}}

@article{MCTDHaB_13,
Author = {Cao, Lushuai and Brouzos, Ioannis and Zollner, Sascha and Schmelcher,
   Peter},
Title = {{Interaction-driven interband tunneling of bosons in the triple well}},
Journal = {{NEW JOURNAL OF PHYSICS}},
Year = {{2011}},
Pages = {{033032}},
DOI = {{10.1088/1367-2630/13/3/033032}}}

% MCTDHB

@article{MCTDHB_1,
Author = {Streltsov, Alexej I. and Alon, Ofir E. and Cederbaum, Lorenz S.},
Title = {{Role of excited states in the splitting of a trapped interacting
   Bose-Einstein condensate by a time-dependent barrier}},
Journal = {{Phys. Rev. Lett}},
Year = {{2007}},
Volume = {{99}},
Pages = {{030402}},
DOI = {{10.1103/PhysRevLett.99.030402}}}

@article{MCTDHB_2,
Author = {Alon, Ofir E. and Streltsov, Alexej I. and Cederbaum, Lorenz S.},
Title = {{Multiconfigurational time-dependent Hartree method for bosons: Many-body
   dynamics of bosonic systems}},
Journal = {{Phys. Rev. A}},
Year = {{2008}},
Volume = {{77}},
Pages = {{033613}},
DOI = {{10.1103/PhysRevA.77.033613}}}

@article{MCTDHB_3,
Author = {Streltsov, Alexej I. and Sakmann, Kaspar and Alon, Ofir E. and
   Cederbaum, Lorenz S.},
Title = {{Accurate multi-boson long-time dynamics in triple-well periodic traps}},
Journal = {{Phys. Rev. A}},
Year = {{2011}},
Volume = {{83}},
Pages = {{043604}},
DOI = {{10.1103/PhysRevA.83.043604}}}


@article{MCTDHBF_1,
Author = {Alon, Ofir E. and Streltsov, Alexej I. and Cederbaum, Lorenz S.},
Title = {{Unified view on multiconfigurational time propagation for systems
   consisting of identical particles}},
Journal = {{J. Chem. Phys.}},
Year = {{2007}},
Volume = {{127}},
Number = {{15}},
Pages = {{154103}},
DOI = {{10.1063/1.2771159}}}

@article{MCTDHBF_2,
Author = {Alon, Ofir E. and Streltsov, Alexej I. and Cederbaum, Lorenz S.},
Title = {Multiconfigurational time-dependent Hartree method for mixtures
   consisting of two types of identical particles},
Journal = {Phys. Rev. A},
Year = {2007},
Volume = {76},
Pages = {062501},
DOI = {10.1103/PhysRevA.76.062501}}

@article{MCTDHBF_3,
Author = {Streltsov, Alexej I. and Alon, Ofir E. and Cederbaum, Lorenz S.},
Title = {{General mapping for bosonic and fermionic operators in Fock space}},
Journal = {Phys. Rev. A},
Year = {{2010}},
Volume = {{81}},
Pages = {{022124}},
DOI = {{10.1103/PhysRevA.81.022124}}}

@article{MCTDHconv,
Author = {Alon, Ofir E. and Streltsov, Alexej I. and Cederbaum, Lorenz S.},
Title = {{Many-body theory for systems with particle conversion: Extending the
   multiconfigurational time-dependent Hartree method}},
Journal = {{Phys. Rev. A}},
Year = {{2009}},
Volume = {{79}},
Pages = {{022503}},
DOI = {{10.1103/PhysRevA.79.022503}}}

@article{MCTDHBex1,
Author = {Streltsov, Alexej I. and Alon, Ofir E. and Cederbaum, Lorenz S.},
Title = {{Formation and dynamics of many-boson fragmented states in
   one-dimensional attractive ultracold gases}},
Journal = {{Phys. Rev. Lett.}},
Year = {{2008}},
Volume = {{100}},
Pages = {{130401}},
DOI = {{10.1103/PhysRevLett.100.130401}}}

@article{MCTDHBex2,
Author = {Sakmann, Kaspar and Streltsov, Alexej I. and Alon, Ofir E. and
   Cederbaum, Lorenz S.},
Title = {{Exact Quantum Dynamics of a Bosonic Josephson Junction}},
Journal = {{Phys. Rev. Lett.}},
Year = {{2009}},
Volume = {{103}},
Pages = {{220601}},
DOI = {{10.1103/PhysRevLett.103.220601}}}

@article{MCTDHBex3,
Author = {Lode, Axel U. J. and Streltsov, Alexej I. and Sakmann, Kaspar and Alon,
   Ofir E. and Cederbaum, Lorenz S.},
Title = {How an interacting many-body system tunnels through a potential barrier to open space},
Journal = {PNAS},
Year = {2012},
Volume = {109},
Pages = {13521-13525},
DOI = {10.1073/pnas.1201345109}}

@article{MCTDHBex4,
Author = {Beinke, Raphael and Klaiman, Shachar and Cederbaum, Lorenz S. and
   Streltsov, Alexej I. and Alon, Ofir E.},
Title = {{Many-body tunneling dynamics of Bose-Einstein condensates and vortex
   states in two spatial dimensions}},
Journal = {{Phys. Rev. A}},
Year = {{2015}},
Volume = {{92}},
Pages = {{043627}},
DOI = {{10.1103/PhysRevA.92.043627}}}

@book{MCTDHBbook,
AUTHOR   = {O. E. Alon and A. I. Streltsov and L. S. Cederbaum},
JOURNAL= {in 
{\it Multidimensional Quantum Dynamics: MCTDH Theory and Applications}, 
edited by H.-D. Meyer and F. Gatti and G. A. Worth
(Weinheim: Wiley-VCH 2009)},
TITLE    = {The Multiconfigurational Time-Dependent Hartree Method for Identical Particles and Mixtures Thereof},
pages     = {185} }

@article{MLMCTDHB,
Author = {Cao, Lushuai and Kroenke, Sven and Vendrell, Oriol and Schmelcher, Peter},
Title = {{The multi-layer multi-configuration time-dependent Hartree method for
   bosons: Theory, implementation, and applications}},
Journal = {J. Chem. Phys.},
Year = {{2013}},
Volume = {{139}},
Pages = {{134103}},
DOI = {{10.1063/1.4821350}} }