
% MCTDHF

@article{MCTDHF1,
Author = {Zanghellini, J. and Kitzler, M. and Fabian, C. and Brabec, T. and Scrinzi, A.},
Title = {An MCTDHF approach to multielectron dynamics in laser fields},
Journal = {Laser Phys.},
Year = {2003},
Volume = {13},
Pages = {1064-1068}}

@article{MCTDHF2,
Author = {T. Kato and H. Kono},
Title = {Time-dependent multiconfiguration theory for electronic dynamics of
   molecules in an intense laser field},
Journal = {Chem. Phys. Lett.},
Year = {2004},
Volume = {392},
Pages = {533-540},
DOI= {10.1016/j.cplett.2004.05.106}}

@article{MCTDHF3,
Author = {M. Nest and T. Klamroth and M. Nest},
Title = {The multiconfiguration time-dependent Hartree-Fock method for quantum
   chemical calculations},
Journal = {J. Chem. Phys.},
Year = {2005},
Volume = {122},
Pages = {124102},
DOI={10.1063/1.1862243}}

% MCTDH for bosonic/fermion systems

@article{ ISI:000289065200004,
Author = {Cao, Lushuai and Brouzos, Ioannis and Zollner, Sascha and Schmelcher,
   Peter},
Title = {{Interaction-driven interband tunneling of bosons in the triple well}},
Journal = {{NEW JOURNAL OF PHYSICS}},
Year = {{2011}},
Volume = {{13}},
Month = {{MAR 21}},
DOI = {{10.1088/1367-2630/13/3/033032}},
Article-Number = {{033032}},
ISSN = {{1367-2630}},
ResearcherID-Numbers = {{Schmelcher, Peter/D-9592-2014
   }},
ORCID-Numbers = {{Schmelcher, Peter/0000-0002-2637-0937
   Zollner, Sascha/0000-0002-0166-7929}},
Unique-ID = {{ISI:000289065200004}},
}

@article{ ISI:000283347300012,
Author = {Chatterjee, Budhaditya and Brouzos, Ioannis and Zollner, Sascha and
   Schmelcher, Peter},
Title = {{Few-boson tunneling in a double well with spatially modulated
   interaction}},
Journal = {{PHYSICAL REVIEW A}},
Year = {{2010}},
Volume = {{82}},
Number = {{4}},
Month = {{OCT 22}},
DOI = {{10.1103/PhysRevA.82.043619}},
Article-Number = {{043619}},
ISSN = {{2469-9926}},
EISSN = {{2469-9934}},
ResearcherID-Numbers = {{Schmelcher, Peter/D-9592-2014
   }},
ORCID-Numbers = {{Schmelcher, Peter/0000-0002-2637-0937
   Zollner, Sascha/0000-0002-0166-7929}},
Unique-ID = {{ISI:000283347300012}},
}

@article{ ISI:000278140000143,
Author = {Brouzos, Ioannis and Zollner, Sascha and Schmelcher, Peter},
Title = {{Correlation versus commensurability effects for finite bosonic systems
   in one-dimensional lattices}},
Journal = {{PHYSICAL REVIEW A}},
Year = {{2010}},
Volume = {{81}},
Number = {{5}},
Month = {{MAY}},
DOI = {{10.1103/PhysRevA.81.053613}},
Article-Number = {{053613}},
ISSN = {{1050-2947}},
ResearcherID-Numbers = {{Schmelcher, Peter/D-9592-2014
   }},
ORCID-Numbers = {{Schmelcher, Peter/0000-0002-2637-0937
   Zollner, Sascha/0000-0002-0166-7929}},
Unique-ID = {{ISI:000278140000143}},
}

@article{ ISI:000275072500151,
Author = {Pflanzer, Anika C. and Zoellner, Sascha and Schmelcher, Peter},
Title = {{Interspecies tunneling in one-dimensional Bose mixtures}},
Journal = {{PHYSICAL REVIEW A}},
Year = {{2010}},
Volume = {{81}},
Number = {{2}},
Month = {{FEB}},
DOI = {{10.1103/PhysRevA.81.023612}},
Article-Number = {{023612}},
ISSN = {{2469-9926}},
EISSN = {{2469-9934}},
ResearcherID-Numbers = {{Schmelcher, Peter/D-9592-2014
   }},
ORCID-Numbers = {{Schmelcher, Peter/0000-0002-2637-0937
   Zollner, Sascha/0000-0002-0166-7929}},
Unique-ID = {{ISI:000275072500151}},
}

@article{ ISI:000272077100002,
Author = {Pflanzer, Anika C. and Zollner, Sascha and Schmelcher, Peter},
Title = {{Material-barrier tunnelling in one-dimensional few-boson mixtures}},
Journal = {{JOURNAL OF PHYSICS B-ATOMIC MOLECULAR AND OPTICAL PHYSICS}},
Year = {{2009}},
Volume = {{42}},
Number = {{23}},
Month = {{DEC 14}},
DOI = {{10.1088/0953-4075/42/23/231002}},
Article-Number = {{231002}},
ISSN = {{0953-4075}},
ResearcherID-Numbers = {{Schmelcher, Peter/D-9592-2014
   }},
ORCID-Numbers = {{Schmelcher, Peter/0000-0002-2637-0937
   Zollner, Sascha/0000-0002-0166-7929}},
Unique-ID = {{ISI:000272077100002}},
}

@article{ ISI:000267949600013,
Author = {Tempfli, Emmerich and Zoellner, Sascha and Schmelcher, Peter},
Title = {{Binding between two-component bosons in one dimension}},
Journal = {{NEW JOURNAL OF PHYSICS}},
Year = {{2009}},
Volume = {{11}},
Month = {{JUL 3}},
DOI = {{10.1088/1367-2630/11/7/073015}},
Article-Number = {{073015}},
ISSN = {{1367-2630}},
ResearcherID-Numbers = {{Schmelcher, Peter/D-9592-2014
   }},
ORCID-Numbers = {{Schmelcher, Peter/0000-0002-2637-0937
   Zollner, Sascha/0000-0002-0166-7929}},
Unique-ID = {{ISI:000267949600013}},
}

@article{ ISI:000263041100010,
Author = {Eckart, M. and Walser, R. and Schleich, W. P. and Zoellner, S. and
   Schmelcher, P.},
Title = {{The granularity of weakly occupied bosonic fields beyond the local
   density approximation}},
Journal = {{NEW JOURNAL OF PHYSICS}},
Year = {{2009}},
Volume = {{11}},
Month = {{FEB 4}},
DOI = {{10.1088/1367-2630/11/2/023010}},
Article-Number = {{023010}},
ISSN = {{1367-2630}},
ResearcherID-Numbers = {{Schmelcher, Peter/D-9592-2014}},
ORCID-Numbers = {{Schmelcher, Peter/0000-0002-2637-0937}},
Unique-ID = {{ISI:000263041100010}},
}

@article{ ISI:000260759300005,
Author = {Tempfli, Emmerich and Zoellner, Sascha and Schmelcher, Peter},
Title = {{Excitations of attractive 1D bosons: binding versus fermionization}},
Journal = {{NEW JOURNAL OF PHYSICS}},
Year = {{2008}},
Volume = {{10}},
Month = {{OCT 16}},
DOI = {{10.1088/1367-2630/10/10/103021}},
Article-Number = {{103021}},
ISSN = {{1367-2630}},
ResearcherID-Numbers = {{Schmelcher, Peter/D-9592-2014
   }},
ORCID-Numbers = {{Schmelcher, Peter/0000-0002-2637-0937
   Zollner, Sascha/0000-0002-0166-7929}},
Unique-ID = {{ISI:000260759300005}},
}

@article{ ISI:000258180300185,
Author = {Zoellner, Sascha and Meyer, Hans-Dieter and Schmelcher, Peter},
Title = {{Composite fermionization of one-dimensional Bose-Bose mixtures}},
Journal = {{PHYSICAL REVIEW A}},
Year = {{2008}},
Volume = {{78}},
Number = {{1}},
Month = {{JUL}},
DOI = {{10.1103/PhysRevA.78.013629}},
Article-Number = {{013629}},
ISSN = {{2469-9926}},
EISSN = {{2469-9934}},
ResearcherID-Numbers = {{Meyer, Hans-Dieter/B-5611-2008
   Schmelcher, Peter/D-9592-2014
   }},
ORCID-Numbers = {{Meyer, Hans-Dieter/0000-0003-1365-0144
   Schmelcher, Peter/0000-0002-2637-0937
   Zollner, Sascha/0000-0002-0166-7929}},
Unique-ID = {{ISI:000258180300185}},
}

@article{ ISI:000252863400001,
Author = {Zoellner, Sascha and Meyer, Hans-Dieter and Schmelcher, Peter},
Title = {{Few-boson dynamics in double wells: From single-atom to correlated pair
   tunneling}},
Journal = {{PHYSICAL REVIEW LETTERS}},
Year = {{2008}},
Volume = {{100}},
Number = {{4}},
Month = {{FEB 1}},
DOI = {{10.1103/PhysRevLett.100.040401}},
Article-Number = {{040401}},
ISSN = {{0031-9007}},
ResearcherID-Numbers = {{Meyer, Hans-Dieter/B-5611-2008
   Schmelcher, Peter/D-9592-2014
   }},
ORCID-Numbers = {{Meyer, Hans-Dieter/0000-0003-1365-0144
   Schmelcher, Peter/0000-0002-2637-0937
   Zollner, Sascha/0000-0002-0166-7929}},
Unique-ID = {{ISI:000252863400001}},
}

@article{ ISI:000249154900113,
Author = {Matthies, Christian and Zoellner, Sascha and Meyer, Hans-Dieter and
   Schmelcher, Peter},
Title = {{Quantum dynamics of two bosons in an anharmonic trap: Collective versus
   internal excitations}},
Journal = {{PHYSICAL REVIEW A}},
Year = {{2007}},
Volume = {{76}},
Number = {{2}},
Month = {{AUG}},
DOI = {{10.1103/PhysRevA.76.023602}},
Article-Number = {{023602}},
ISSN = {{1050-2947}},
ResearcherID-Numbers = {{Meyer, Hans-Dieter/B-5611-2008
   Schmelcher, Peter/D-9592-2014
   }},
ORCID-Numbers = {{Meyer, Hans-Dieter/0000-0003-1365-0144
   Schmelcher, Peter/0000-0002-2637-0937
   Zollner, Sascha/0000-0002-0166-7929}},
Unique-ID = {{ISI:000249154900113}},
}

@article{ ISI:000243166700122,
Author = {Zoellner, Sascha and Meyer, Hans-Dieter and Schmelcher, Peter},
Title = {{Correlations in ultracold trapped few-boson systems: Transition from
   condensation to fermionization}},
Journal = {{PHYSICAL REVIEW A}},
Year = {{2006}},
Volume = {{74}},
Number = {{6}},
Month = {{DEC}},
DOI = {{10.1103/PhysRevA.74.063611}},
Article-Number = {{063611}},
ISSN = {{1050-2947}},
ResearcherID-Numbers = {{Meyer, Hans-Dieter/B-5611-2008
   Schmelcher, Peter/D-9592-2014
   }},
ORCID-Numbers = {{Meyer, Hans-Dieter/0000-0003-1365-0144
   Schmelcher, Peter/0000-0002-2637-0937
   Zollner, Sascha/0000-0002-0166-7929}},
Unique-ID = {{ISI:000243166700122}},
}

@article{ ISI:000242408900127,
Author = {Zoellner, Sascha and Meyer, Hans-Dieter and Schmelcher, Peter},
Title = {{Ultracold few-boson systems in a double-well trap}},
Journal = {{PHYSICAL REVIEW A}},
Year = {{2006}},
Volume = {{74}},
Number = {{5}},
Month = {{NOV}},
DOI = {{10.1103/PhysRevA.74.053612}},
Article-Number = {{053612}},
ISSN = {{1050-2947}},
ResearcherID-Numbers = {{Meyer, Hans-Dieter/B-5611-2008
   Schmelcher, Peter/D-9592-2014
   }},
ORCID-Numbers = {{Meyer, Hans-Dieter/0000-0003-1365-0144
   Schmelcher, Peter/0000-0002-2637-0937
   Zollner, Sascha/0000-0002-0166-7929}},
Unique-ID = {{ISI:000242408900127}},
}

@article{ ISI:000232228300127,
Author = {Zollner, S and Meyer, HD and Schmelcher, P},
Title = {{N-electron giant dipole states in crossed electric and magnetic fields}},
Journal = {{PHYSICAL REVIEW A}},
Year = {{2005}},
Volume = {{72}},
Number = {{3}},
Month = {{SEP}},
DOI = {{10.1103/PhysRevA.72.033416}},
Article-Number = {{033416}},
ISSN = {{1050-2947}},
EISSN = {{1094-1622}},
ResearcherID-Numbers = {{Meyer, Hans-Dieter/B-5611-2008
   Schmelcher, Peter/D-9592-2014
   }},
ORCID-Numbers = {{Meyer, Hans-Dieter/0000-0003-1365-0144
   Schmelcher, Peter/0000-0002-2637-0937
   Zollner, Sascha/0000-0002-0166-7929}},
Unique-ID = {{ISI:000232228300127}},
}

@article{ ISI:000231108800006,
Author = {Zollner, S and Meyer, HD and Schmelcher, P},
Title = {{Multi-electron giant dipole resonances of atoms in crossed electric and
   magnetic fields}},
Journal = {{EUROPHYSICS LETTERS}},
Year = {{2005}},
Volume = {{71}},
Number = {{3}},
Pages = {{373-379}},
Month = {{AUG}},
DOI = {{10.1209/epl/i2005-10090-6}},
ISSN = {{0295-5075}},
ResearcherID-Numbers = {{Meyer, Hans-Dieter/B-5611-2008
   Schmelcher, Peter/D-9592-2014}},
ORCID-Numbers = {{Meyer, Hans-Dieter/0000-0003-1365-0144
   Schmelcher, Peter/0000-0002-2637-0937}},
Unique-ID = {{ISI:000231108800006}},
}

% MCTDHB

@article{MCTDHB_1,
Author = {Streltsov, Alexej I. and Alon, Ofir E. and Cederbaum, Lorenz S.},
Title = {{Role of excited states in the splitting of a trapped interacting
   Bose-Einstein condensate by a time-dependent barrier}},
Journal = {{Phys. Rev. Lett}},
Year = {{2007}},
Volume = {{99}},
DOI = {{10.1103/PhysRevLett.99.030402}},
Pages = {{030402}}}

@article{MCTDHB_2,
Author = {Alon, Ofir E. and Streltsov, Alexej I. and Cederbaum, Lorenz S.},
Title = {{Multiconfigurational time-dependent Hartree method for bosons: Many-body
   dynamics of bosonic systems}},
Journal = {{Phys. Rev. A}},
Year = {{2008}},
Volume = {{77}},
DOI = {{10.1103/PhysRevA.77.033613}},
Pages = {{033613}}}

@article{MCTDHBF_1,
Author = {Alon, Ofir E. and Streltsov, Alexej I. and Cederbaum, Lorenz S.},
Title = {{Unified view on multiconfigurational time propagation for systems
   consisting of identical particles}},
Journal = {{J. Chem. Phys.}},
Year = {{2007}},
Volume = {{127}},
Number = {{15}},
DOI = {{10.1063/1.2771159}},
Pages = {{154103}}}

@article{MCTDHBF_2,
Author = {Alon, Ofir E. and Streltsov, Alexej I. and Cederbaum, Lorenz S.},
Title = {{Multiconfigurational time-dependent Hartree method for mixtures
   consisting of two types of identical particles}},
Journal = {{Phys. Rev. A}},
Year = {{2007}},
Volume = {{76}},
DOI = {{10.1103/PhysRevA.76.062501}},
Pages = {{062501}}}

@article{MCTDHconv,
Author = {Alon, Ofir E. and Streltsov, Alexej I. and Cederbaum, Lorenz S.},
Title = {{Many-body theory for systems with particle conversion: Extending the
   multiconfigurational time-dependent Hartree method}},
Journal = {{Phys. Rev. A}},
Year = {{2009}},
Volume = {{79}},
Number = {{2}},
Month = {{FEB}},
DOI = {{10.1103/PhysRevA.79.022503}},
Pages = {{022503}},
}
