% Allgemeine Methodik

% DVR and FFT

@article{FFT,
AUTHOR = {D. Kosloff and R. Kosloff},
TITLE  = {A FOURIER METHOD SOLUTION FOR THE TIME-DEPENDENT SCHRODINGER-EQUATION AS A TOOL IN MOLECULAR-DYNAMICS},
JOURNAL= {J. Comp. Phys.},
YEAR   = {1983},
VOLUME = {52},
PAGES  = {35-53} }

@article{mappedFFT,
AUTHOR = {E. Fattal and R. Baer and R. Kosloff},
TITLE  = {Phase space approach for optimizing grid representations: The mapped
 Fourier method},
JOURNAL= {Phys. Rev. E},
YEAR   = {1996},
VOLUME = {53},
PAGES  = {1217-1227} }

@article{DVR1,
AUTHOR = {D. O. Harris and  G. G. Engerholm and W. D. Gwinn},
TITLE  = {CALCULATION OF MATRIX ELEMENTS FOR 1-DIMENSIONAL QUANTUM-MECHANICAL PROBLEMS AND APPLICATION TO ANHARMONIC OSCILLATORS},
JOURNAL= {J. Chem. Phys.},
YEAR   = {1965},
VOLUME = {43},
PAGES  = {1515} }

@article{DVR2,
AUTHOR = {A. S. Dickinson and  P. R. Certain},
TITLE  = {CALCULATION OF MATRIX ELEMENTS FOR ONE-DIMENSIONAL QUANTUM-MECHANICAL
 PROBLEMS},
JOURNAL= {J. Chem. Phys.},
YEAR   = {1968},
VOLUME = {49},
PAGES  = {4209} }

@article{DVR3,
AUTHOR = {J. C. Light and I. P. Hamilton and J. V. Lill},
TITLE  = {GENERALIZED DISCRETE VARIABLE APPROXIMATION IN QUANTUM-MECHANICS},
JOURNAL= {J. Chem. Phys.},
YEAR   = {1985},
VOLUME = {82},
PAGES  = {1400-1409} }

@article{DVR4,
AUTHOR = {D. T. Colbert and W. H. Miller},
TITLE  = {A NOVEL DISCRETE VARIABLE REPRESENTATION FOR QUANTUM-MECHANICAL REACTIVE SCATTERING VIA THE S-MATRIX KOHN METHOD},
JOURNAL= {J. Chem. Phys.},
YEAR   = {1992},
VOLUME = {96},
PAGES  = {1982-1991} }

% absorbers

@article{absorber1,
AUTHOR = {R. Kosloff and D. Kosloff},
TITLE  = {ABSORBING BOUNDARIES FOR WAVE-PROPAGATION PROBLEMS},
JOURNAL= {J. Comp. Phys.},
YEAR   = {1986},
VOLUME = {63},
PAGES  = {363-376} }

@article{absorber2,
AUTHOR = {D. Neuhauser and M. Baer},
TITLE  = {THE TIME-DEPENDENT SCHRODINGER-EQUATION - APPLICATION OF ABSORBING
 BOUNDARY-CONDITIONS},
JOURNAL= {J. Chem. Phys.},
YEAR   = {1989},
VOLUME = {90},
PAGES  = {4351-4355} }

% simulataneous diagonalization 

@article{DVR5,
AUTHOR = {R. Dawes and T. Carrington,~Jr.},
TITLE  = {A multidimensional discrete variable representation basis obtained by
 simultaneous diagonalization},
JOURNAL= {J. Chem. Phys.},
YEAR   = {2004},
VOLUME = {121},
PAGES  = {726-736} }

@article{SD1,
AUTHOR = {A. Bunse-Gerstner and R. Byers and V. Mehrmann},
TITLE  = {NUMERICAL-METHODS FOR SIMULTANEOUS DIAGONALIZATION},
JOURNAL= {SIAM J. Matrix Anal. Appl.},
YEAR   = {1993},
VOLUME = {14},
PAGES  = {927-949} }

@article{SD2,
AUTHOR = {J.-F. Cardoso and A. Souloumiac},
TITLE  = {Jacobi angles for simultaneous diagonalization},
JOURNAL= {SIAM J. Matrix Anal. Appl.},
YEAR   = {1996},
VOLUME = {17},
PAGES  = {161-164} }

@article{RFO,
AUTHOR = {A. Banerjee and N. Adams and J. Simons and R. Shepard},
TITLE  = {SEARCH FOR STATIONARY-POINTS ON SURFACE},
JOURNAL= {J. Phys. Chem.},
YEAR   = {1985},
VOLUME = {89},
PAGES  = {52-59} }

% multidimensional DVR/FBR 

@article{angleDVR1,
AUTHOR = {R. C. Mowrey and Y. Sun and D. J. Kouri},
TITLE  = {A NUMERICALLY EXACT FULL-WAVE PACKET APPROACH TO MOLECULE-SURFACE SCATTERING},
JOURNAL= {J. Chem. Phys.},
YEAR   = {1989},
VOLUME = {91},
PAGES  = {6519-6524} }

@article{angleDVR2,
AUTHOR = {S. E. Choi and J. C. Light},
TITLE  = {DETERMINATION OF THE BOUND AND QUASI-BOUND STATES OF AR-HCL VANDERWAALS
 COMPLEX - DISCRETE VARIABLE REPRESENTATION METHOD},
JOURNAL= {J. Chem. Phys.},
YEAR   = {1990},
VOLUME = {92},
PAGES  = {2129-2145} }

@article{angleDVR3,
AUTHOR = {C. Leforestier},
TITLE  = {GRID REPRESENTATION OF ROTATING TRIATOMICS},
JOURNAL= {J. Chem. Phys.},
YEAR   = {1991},
VOLUME = {94},
PAGES  = {6388-6398} }

@article{angleDVR4,
AUTHOR = {G. C. Corey and D. Lemoine},
TITLE  = {PSEUDOSPECTRAL METHOD FOR SOLVING THE TIME-DEPENDENT
 SCHRODINGER-EQUATION IN SPHERICAL COORDINATES},
JOURNAL= {J. Chem. Phys.},
YEAR   = {1992},
VOLUME = {97},
PAGES  = {4115-4126} }

@article{angleDVR5,
AUTHOR = {C. Leforestier},
TITLE  = {GRID METHOD FOR THE WIGNER FUNCTIONS - APPLICATION TO THE VAN-DER-WAALS SYSTEM AR-H2O},
JOURNAL= {J. Chem. Phys.},
YEAR   = {1994},
VOLUME = {101},
PAGES  = {7357-7363} }

@article{angleDVR6,
AUTHOR = {O. A. Sharafeddin and J. C. Light},
TITLE  = {POINTWISE VERSUS BASIS REPRESENTATIONS FOR 2-DIMENSIONAL SPHERICAL DYNAMICS},
JOURNAL= {J. Chem. Phys.},
YEAR   = {1995},
VOLUME = {102},
PAGES  = {3622-3628} }

@article{noprodFBR,
AUTHOR = {M. J. Bramley and J. W. Tromp and T. Carrington,~Jr. 
and G. C. Corey},
TITLE  = {EFFICIENT CALCULATION OF HIGHLY EXCITED VIBRATIONAL-ENERGY LEVELS OF FLOPPY MOLECULES - THE BAND ORIGINS OF H-3(+) UP TO 35000 CM(-1)},
JOURNAL= {J. Chem. Phys.},
YEAR   = {1994},
VOLUME = {100},
PAGES  = {6175-6194} }

@article{CCWP1,
AUTHOR = {R. C. Mowrey and D. J. Kouri},
TITLE  = {CLOSE-COUPLING WAVE PACKET APPROACH TO NUMERICALLY EXACT MOLECULE
 SURFACE SCATTERING CALCULATIONS},
JOURNAL= {J. Chem. Phys.},
YEAR   = {1986},
VOLUME = {84},
PAGES  = {6466-6473} }

@article{CCWP2,
AUTHOR = {R. C. Mowrey and D. J. Kouri},
TITLE  = {APPLICATION OF THE CLOSE COUPLING WAVE PACKET METHOD TO LONG LIVED
 RESONANCE STATES IN MOLECULE SURFACE SCATTERING},
JOURNAL= {J. Chem. Phys.},
YEAR   = {1987},
VOLUME = {86},
PAGES  = {6140-6149} }

@article{CoriolisDVR,
AUTHOR = {B. Poirier},
TITLE  = {Analytical treatment of Coriolis coupling for three-body systems},
JOURNAL= {Chem. Phys.},
YEAR   = {2005},
VOLUME = {308},
PAGES  = {305-315} }

% Integration schemes

@article{LanczosIntegrator,
AUTHOR = {T. J. Park and J. C. Light},
TITLE  = {UNITARY QUANTUM TIME EVOLUTION BY ITERATIVE LANCZOS REDUCTION },
JOURNAL= {J. Chem. Phys.},
YEAR   = {1986},
VOLUME = {85},
PAGES  = {5870-5876} }

@article{SplitOperator,
AUTHOR = {M. D. Feit and J. A. Fleck and A. Steiger},
TITLE  = {SOLUTION OF THE SCHRODINGER-EQUATION BY A SPECTRAL METHOD},
JOURNAL= {J. Comp. Phys.},
YEAR   = {1982},
VOLUME = {47},
PAGES  = {412-433} }

@book{BSintegrator,
AUTHOR = {W. H. Press and S. A. Teukolsky and W. T. Vetterling and B. P. Flannery},
TITLE  = {Numerical Recipes},
PLACE  = {Cambridge},
PUBLISHER = {Cambridge University Press},
YEAR   = {1992}}

@article{Chebycheff,
AUTHOR = {H. Tal-Ezer and R. Kosloff},
TITLE  = {AN ACCURATE AND EFFICIENT SCHEME FOR PROPAGATING THE TIME-DEPENDENT
 SCHRODINGER-EQUATION},
JOURNAL= {J. Chem. Phys.},
YEAR   = {1984},
VOLUME = {81},
PAGES  = {3967-3971} }

@article{modifiedChebycheff,
AUTHOR = {V. A. Mandelshtam and H. S. Taylor},
TITLE  = {A SIMPLE RECURSION POLYNOMIAL EXPANSION OF THE GREENS-FUNCTION WITH
 ABSORBING BOUNDARY-CONDITIONS - APPLICATION TO THE REACTIVE SCATTERING},
JOURNAL= {J. Chem. Phys.},
YEAR   = {1995},
VOLUME = {103},
PAGES  = {2903-2907} }

% Lanczos for spectra

@article{LanczosSpectra1,
AUTHOR = {N. Sakamoto and S. Muramatsu},
TITLE  = {DYNAMIC JAHN-TELLER VIBRONIC COUPLING FOR AN ORBITAL TRIPLET - TXTAU2
 AND TX(TAU2 + EPSILON)},
JOURNAL= {Phys. Rev. B},
YEAR   = {1978},
VOLUME = {17},
PAGES  = {868-875} }

@article{LanczosSpectra2,
AUTHOR = {M. C. M. O'Brien and S. N. Evangelou},
TITLE  = {CALCULATION OF ABSORPTION-BAND SHAPES IN DYNAMIC JAHN-TELLER SYSTEMS BY
 THE USE OF THE LANCZOS-ALGORITHM},
JOURNAL= {J. Phys. C},
YEAR   = {1980},
VOLUME = {13},
PAGES  = {611-623} }

@article{LanczosSpectra3,
AUTHOR = {E. Haller and L. S. Cederbaum and W. Domcke},
TITLE  = {THE E-BY(EPSILON+EPSILON) JAHN-TELLER EFFECT},
JOURNAL= {Mol. Phys.},
YEAR   = {1980},
VOLUME = {41},
PAGES  = {1291-1315} }

% filter diagonalization

@article{Filter,
AUTHOR = {D. Neuhauser},
TITLE  = {TIME-DEPENDENT REACTIVE SCATTERING IN THE PRESENCE OF NARROW RESONANCES
 - AVOIDING LONG PROPAGATION TIMES},
JOURNAL= {J. Chem. Phys.},
YEAR   = {1991},
VOLUME = {95},
PAGES  = {4927-4932} }

@article{Filter1,
AUTHOR = {D. Neuhauser},
TITLE  = {BOUND-STATE EIGENFUNCTIONS FROM WAVE-PACKETS - TIME-]ENERGY RESOLUTION},
JOURNAL= {J. Chem. Phys.},
YEAR   = {1990},
VOLUME = {93},
PAGES  = {2611-2617} }

@article{Filter2,
AUTHOR = {M. R. Wall and D. Neuhauser},
TITLE  = {EXTRACTION, THROUGH FILTER-DIAGONALIZATION, OF GENERAL QUANTUM
   EIGENVALUES OR CLASSICAL NORMAL-MODE FREQUENCIES FROM A SMALL NUMBER OF
   RESIDUES OR A SHORT-TIME 	  SEGMENT OF A SIGNAL .1. THEORY AND APPLICATION
   TO A QUANTUM-DYNAMICS MODEL},
JOURNAL= {J. Chem. Phys.},
YEAR   = {1995},
VOLUME = {102},
PAGES  = {8011-8022} }

@article{Filter3,
AUTHOR = {V. A. Mandelshtam and H. S. Taylor},
TITLE  = {A low-storage filter diagonalization method for quantum eigenenergy
 calculation or for spectral analysis of time signals},
JOURNAL= {J. Chem. Phys.},
YEAR   = {1997},
VOLUME = {106},
PAGES  = {5085-5090} }

%

@article{cutoff,
AUTHOR = {R. Heather and H. Metiu},
TITLE  = {AN EFFICIENT PROCEDURE FOR CALCULATING THE EVOLUTION OF THE
   WAVE-FUNCTION BY FAST FOURIER-TRANSFORM METHODS FOR SYSTEMS WITH
   SPATIALLY EXTENDED WAVE-FUNCTION AND 	  LOCALIZED POTENTIAL},
JOURNAL= {J. Chem. Phys.},
YEAR   = {1987},
VOLUME = {86},
PAGES  = {5009-5017} }

@article{RamanHeller,
AUTHOR = {S.Y. Lee and E.J. Heller},
TITLE  = {TIME-DEPENDENT THEORY OF RAMAN-SCATTERING},
JOURNAL= {J. Chem. Phys.},
YEAR   = {1979},
VOLUME = {71},
PAGES  = {4777-4788} }

% statistical sampling

@article{MatStat,
AUTHOR = {M. F. Hutchinson},
TITLE  = {A STOCHASTIC ESTIMATOR OF THE TRACE OF THE INFLUENCE MATRIX FOR
 LAPLACIAN SMOOTHING SPLINES},
JOURNAL= {Commun. Statist. Simulat.},
YEAR   = {1989},
VOLUME = {18},
PAGES  = {1059-1076} }

@article{SeanStat,
AUTHOR = {S. C. Smith and S. J. Jeffrey},
TITLE  = {On the calculation of absolute spectral densities},
JOURNAL= {J. Chem. Phys.},
YEAR   = {1996},
VOLUME = {105},
PAGES  = {4055-4064} }

%Wellenpaketzugang
@article{Heller,
AUTHOR = {E.J. Heller},
TITLE  = {PHOTOFRAGMENTATION OF SYMMETRIC TRIATOMIC-MOLECULES - TIM DEPENDENT
 PICTURE},
JOURNAL= {J. Chem. Phys.},
YEAR   = {1978},
VOLUME = {68},
PAGES  = {3891-3896} }

@article{Kosloff,
AUTHOR = {R. Kosloff},
TITLE  = {TIME-DEPENDENT QUANTUM-MECHANICAL METHODS FOR MOLECULAR-DYNAMICS},
JOURNAL= {J. Phys. Chem.},
YEAR   = {1988},
VOLUME = {92},
PAGES  = {2087-2100} }

%

@ARTICLE{POITSE,
AUTHOR = {D. Blume and M. Lewerenz and P. Niyaz and K. B. Whaley},
TITLE = {Excited states by quantum Monte Carlo methods: Imaginary time evolution with projection operators},
JOURNAL = {Phys. Rev. E},
VOLUME = {55},
YEAR = {1997},
PAGES = {3664-3675}}

% orthogonalization
@article{SymOrtho,
AUTHOR = {P.-O. L\"owdin},
TITLE  = {},
JOURNAL= {Adv. Phys.},
YEAR   = {1956},
VOLUME = {5:17},
PAGES  = {1} }

