@article{Mortensen99,
AUTHOR = {J. J. Mortensen, L. B. Hansen, B. Hammer, and J. K. N{\o}rskov},
TITLE  = {},
JOURNAL= {J. of Catal.},
YEAR   = {1999},
VOLUME = {182},
PAGES  = {479} }

@article{Logadottir2003,
AUTHOR = {{\'{A}}. Logad\'{o}ttir and J. K. N{\o}rskov},
TITLE  = {},
JOURNAL= {J. of Catal.},
YEAR   = {2003},
VOLUME = {220},
PAGES  = {273} }

@article{Murphy99,
AUTHOR = {M. J. Murphy and J. F. Skelly and  A. Hodgson and B. Hammer},
TITLE  = {},
JOURNAL= {J. Chem. Phys.},
YEAR   = {1999},
VOLUME = {110},
PAGES  = {6954} }

@article{Dahl2000,
AUTHOR = {S. Dahl and E. T\"{o}rnqvist  and  I. Chorkendorff},
TITLE  = {},
JOURNAL= {J. of Catal.},
YEAR   = {2000},
VOLUME = {192},
PAGES  = {381} }

@article{Diekhoener2001_1,
AUTHOR = {L. Diekh\"{o}ner and H. Mortensen and A. Baurichter and A. C. Luntz},
TITLE  = {},
JOURNAL= {J. Chem. Phys.},
YEAR   = {2001},
VOLUME = {115},
PAGES  = {3356} }

@article{Diekhoener2001_2,
AUTHOR = {L. Diekh\"{o}ner and H. Mortensen and A. Baurichter and E. Jensen and V. V. Pertunin and A. C. Luntz},
TITLE  = {},
JOURNAL= {J. Chem. Phys.},
YEAR   = {2001},
VOLUME = {115},
PAGES  = {9028} }

@article{Diekhoener2002,
AUTHOR = {L. Diekh\"{o}ner and L. Hornekaer and H. Mortensen and E. Jensen and A. Baurichter and V. V. Pertunin and A. C. Luntz},
TITLE  = {},
JOURNAL= {J. Chem. Phys.},
YEAR   = {2002},
VOLUME = {117},
PAGES  = {5018} }

@article{Mortensen2003,
AUTHOR = {H. Mortensen and E. Jensen and L. Diekh\"{o}ner and A. Baurichter
and A. C. Luntz and V. V. Petrunin},
TITLE  = {},
JOURNAL= {J. Chem. Phys.},
YEAR   = {2003},
VOLUME = {118},
PAGES  = {11200} }

@article{Mortensen97,
AUTHOR = {J. J. Mortensen and Y. Morikawa and B. Hammer and J. K. N{\o}rskov},
TITLE  = {},
JOURNAL= {J. Catal.},
YEAR   = {1997},
VOLUME = {169},
PAGES  = {85} }

@article{Mortensen98,
AUTHOR = {J. J. Mortensen and B. Hammer and J. K. N{\o}rskov},
TITLE  = {},
JOURNAL= {Phys. Rev. Lett.},
YEAR   = {1998},
VOLUME = {80},
PAGES  = {4333} }

@article{Dahl99,
AUTHOR = {S. Dahl and {\'{A}}. Logad\'{o}ttir and R. C. Egeberg and J. H. Larsen and I. Chorkendorff and E.  T\"{o}rnqvist and J. K. N{\o}rskov},
TITLE  = {},
JOURNAL= {Phys. Rev. Lett.},
YEAR   = {1999},
VOLUME = {83},
PAGES  = {1814} }

@article{Rod2000,
AUTHOR = {T. H. Rod and {\'{A}}. Logad\'{o}ttir and J. K. N{\o}rskov},
TITLE  = {},
JOURNAL= {J. Chem. Phys.},
YEAR   = {2000},
VOLUME = {112},
PAGES  = {5343} }

@unpublished{VHarfuture,
AUTHOR = {R. van Harrevelt and K. Honkala and J. K. N{\o}rskov and U. Manthe},
TITLE  = {},
NOTE   = {unpublished}}

@article{Honkala2005,
AUTHOR = {K. Honkala and A. Hellman and I. N. Remediakis and  {\'{A}}. Logad\'{o}ttir and A. Carlsson and S. Dahl and C. H. Christensen and J. K N{\o}rskov},
TITLE  = {},
JOURNAL= {Science},
YEAR   = {2005},
VOLUME = {307},
PAGES  = {5709} }

@misc{dacapo,
NOTE = {http://www.fysik.dtu.dk/campos/Dacapo/}}



@article{Hammer99,
AUTHOR = {B. Hammer and L. B. Hansen and J. K. N{\o}rskov},
TITLE  = {},
JOURNAL= {Phys. Rev. B},
YEAR   = {1999},
VOLUME = {59},
PAGES  = { 7413} }

@article{Vanderbilt90,
AUTHOR = {D. Vanderbilt},
TITLE  = {},
JOURNAL= {Phys. Rev. B},
YEAR   = {1990},
VOLUME = {41},
PAGES  = {7892} }

@article{Wigner1932,
AUTHOR = {E. Wigner },
TITLE  = {},
JOURNAL= {Z. Phys. Chem. B.},
YEAR   = {1932},
VOLUME = {19},
PAGES  = {203} }

@article{Shi93,
AUTHOR = {H. Shi and K. Jacobi and G. Ertl},
TITLE  = {},
JOURNAL= {J. Chem. Phys.},
YEAR   = {1993},
VOLUME = {99},
PAGES  = {9248} }

@article{Dietrich96,
AUTHOR = {H. Dietrich and P. Geng and K. Jacobi and G. Ertl},
TITLE  = {},
JOURNAL= {J. Chem. Phys.},
YEAR   = {1996},
VOLUME = {104},
PAGES  = {375} }

