% Spezial

@article{KSGsur,
AUTHOR = {H. Koizumi and G. C. Schatz  and M. S. Gordon},
TITLE  = {},
JOURNAL= {J. Chem. Phys.},
YEAR   = {1991},
VOLUME = {95},
PAGES  = {6421} }

@article{Broe1,
AUTHOR = {R. D. H. Brown and I. W. M. Smith},
TITLE  = {},
JOURNAL= {Int. J. Chem. Kinet.},
YEAR   = {1975},
VOLUME = {7},
PAGES  = {301} }

@article{Broe2,
AUTHOR = {R. D. H. Brown and I. W. M. Smith},
TITLE  = {},
JOURNAL= {Int. J. Chem. Kinet.},
YEAR   = {1978},
VOLUME = {10},
PAGES  = {1} }

@article{Mahmud,
AUTHOR = {K. Mahmud and J.-S. Kim and A. Fontijn},
TITLE  = {},
JOURNAL= {J. Phys. Chem.},
YEAR   = {1990},
VOLUME = {94},
PAGES  = {2994} }

@article{TenSut,
AUTHOR = {J. Tennyson and B. T. Sutcliff},
TITLE  = {},
JOURNAL= {J. Chem. Phys.},
YEAR   = {1982},
VOLUME = {77},
PAGES  = {4061} }

@article{SeanStat,
AUTHOR = {S. C. Smith and S. J. Jeffrey},
TITLE  = {},
JOURNAL= {J. Chem. Phys.},
YEAR   = {1996},
VOLUME = {105},
PAGES  = {4055} }

@article{MatStat,
AUTHOR = {M. F. Hutchinson},
TITLE  = {},
JOURNAL= {Commun. Statist. Simulat.},
YEAR   = {1989},
VOLUME = {18},
PAGES  = {1059} }

@article{OHClstreu,
AUTHOR = {K. Nobudsada and H. Nakamura},
TITLE  = {},
JOURNAL= {J. Chem. Phys.},
YEAR   = {1999},
VOLUME = {103},
PAGES  = {6715} }

@article{OHClpot2,
AUTHOR = {K. Nobudsada and H. Nakamura and Y. Lin and B. Ramachandran},
TITLE  = {},
JOURNAL= {J. Chem. Phys.},
YEAR   = {2000},
VOLUME = {113},
PAGES  = {1018} }

