% OH+CH4

@article{OHCH4red1,
Author = {Song, Hongwei and Lee, Soo-Ying and Yang, Minghui and Lu, Yunpeng},
Title = {Six-dimensional and seven-dimensional quantum dynamics study of the OH +
   CH4 -> H2O + CH3 reaction},
JOURNAL= {J. Chem. Phys.},
Year = {2013},
Volume = {139},
DOI = {10.1063/1.4825100},
Pages = {154310}}

@article{OHCH4red2,
Author = {Song, Hongwei and Li, Jun and Jiang, Bin and Yang, Minghui and Lu,
   Yunpeng and Guo, Hua},
Title = {Effects of reactant rotation on the dynamics of the OH + CH4 -> H2O +
   CH3 reaction: A six-dimensional study},
JOURNAL= {J. Chem. Phys.},
Year = {2014},
Volume = {140},
DOI = {10.1063/1.4866426},
Pages = {084307}}

@article{OHCH4red3,
Author = {Song, Hongwei and Lu, Yunpeng and Li, Jun and Yang, Minghui and Guo, Hua},
Title = {Mode specificity in the OH + CHD3 reaction: Reduced-dimensional quantum
   and quasi-classical studies on an ab initio based full-dimensional
   potential energy surface},
JOURNAL= {J. Chem. Phys.},
Year = {2016},
Volume = {144},
DOI = {10.1063/1.4947252},
Pages = {164303}}


@article{OHCH4PES,
Author = {Li, Jun and Guo, Hua},
Title = {Communication: An accurate full 15 dimensional permutationally invariant
   potential energy surface for the OH + CH4 -> H2O + CH3 reaction},
JOURNAL= {J. Chem. Phys.},
Year = {2015},
Volume = {143},
Number = {22},
DOI = {10.1063/1.4937570},
Pages = {221103}}