@book{PyBook,
AUTHOR   = {G. van Rossum},
TITLE    = {An Introduction to Python},
PUBLISHER= {Network Theory Limited},
YEAR     = {2003} }

@book{PyBook2,
AUTHOR = {M. Glas},
TITLE = {Encyclopedia of Software Engineering, 1},
PUBLISHER = {Wiley Online Library}, 
YEAR = {2002},
DOI = {10.1002/0471028959} }

@techreport{PyKana,
AUTHOR = {A. Kanavin},
TITLE  = {An overview of Scripting Languages},
institution = {Lappeenranta University of Technology. Finland},
YEAR   = {2002}
}

@article{PyArt,
AUTHOR = {S. Behnel and R. Bradshaw and C. Citro and L. Dalcin and  D. S. Seljebotn and K. Smith},
TITLE  = {Cython: The Best of Both Worlds},
JOURNAL= {Comput. Sci. Eng.},
YEAR   = {2011},
VOLUME = {13},
PAGES  = {31} }

@book{PyQt,
AUTHOR   = {M. Summerfield},
TITLE    = {Rapid GUI Programming with Python and Qt},
PUBLISHER= {Prentice Hall},
YEAR     = {2008} }

@internet{Qt,
  publischer = {The Qt Company},
  title = {Qt 4.8},
  year = 2016,
  url = {http://doc.qt.io/archives/qt-4.8/},
  urldate = {2018-06-13}}

@internet{Qt-Designer,
  publischer = {The Qt Company},
  title = {Qt Designer Manual},
  year = 2016,
  url = {http://doc.qt.io/archives/qt-4.8/designer-manual.html},
  urldate = {2018-06-13}}

@techreport{MVC,
AUTHOR = {G.E. Krasner and S.T. Pope},
TITLE  = {A Description
of the Model-View-Controller User Inter-
face Paradigm in the Smalltalk-80 System},
institution = {ParcPlace Systems, Mountain
View, Calif.},
YEAR   = {2002}
}
@internet{SciPy,
  publischer = {SciPy developers},
  title = {Scientific Computing Tools for Python},
  year = 2018,
  url = {https://scipy.org/about.html},
  urldate = {2018-05-20}}
  
  @internet{TensorFlow,
  title = {An open source machine learning framework for everyone},
  year = 2018,
  url = {https://www.tensorflow.org/},
  urldate = {2018-05-20}}

@misc{Heidelberg,
title={The MCTDH Package, Version 8.4},
author={
G. A. Worth and
M. H. Beck and
A. J"ackle and
H.-D. Meyer
},
note={siehe http://mctdh.uni-hd.de},
address={University of Heidelberg},
year=2007}

@Article{Hunter:2007,
  Author    = {Hunter, J. D.},
  Title     = {Matplotlib: A 2D graphics environment},
  Journal   = {Computing In Science \& Engineering},
  Volume    = {9},
  Number    = {3},
  Pages     = {90--95},
  abstract  = {Matplotlib is a 2D graphics package used for Python
  for application development, interactive scripting, and
  publication-quality image generation across user
  interfaces and operating systems.},
  publisher = {IEEE COMPUTER SOC},
  doi       = {10.1109/MCSE.2007.55},
  year      = 2007
}

@InProceedings{SciPyProceedings_11,
  author =       {Aric A. Hagberg and Daniel A. Schult and Pieter J. Swart},
  title =        {Exploring Network Structure, Dynamics, and Function using NetworkX},
  booktitle =   {Proceedings of the 7th Python in Science Conference},
  pages =     {11 - 15},
  address = {Pasadena, CA USA},
  year =      {2008},
  editor =    {Ga\"el Varoquaux and Travis Vaught and Jarrod Millman},
}