@article{Kapral,
AUTHOR = {R. Kapral and G. Cicotti},
TITLE  = {},
JOURNAL= {J.~Chem.~Phys.},
YEAR   = {1999},
VOLUME = {110},
PAGES  = {8919} }

@article{Tully,
AUTHOR = {J.~C. Tully},
TITLE  = {},
JOURNAL= {J.~Chem.~Phys.},
YEAR   = {1990},
VOLUME = {93},
PAGES  = {1061} }

\begin{thebibliography}{10}

\bibitem{Wheeler83}
{\em Quantum Theory and Measurement}, edited by J.~A. Wheeler and W.~H. Zurek
  (Princeton University Press, Princeton, 1983).

\bibitem{Gutzwiller90}
M.~C. Gutzwiller, {\em Chaos in Classical and Quantum Mechanics} (Springer, New
  York, 1990).

\bibitem{Berne98}
{\em Quantum and Classical Dynamics in Condensed Phase Simulations}, edited by
  B.~J. Berne, G. Ciccotti, and D.~F. Coker (World Scientific, Singapore,
  1998), see, for example, articles in.

\bibitem{Mott31}
N.~F. Mott, Proc. Cambridge Phil. Soc. {\bf 27},  553  (1931).

\bibitem{Delos72}
J.~B. Delos and W.~R. Thorson, Phys.~Rev.~A {\bf 6},  720  (1972).

\bibitem{Meyer79}
H.-D. Meyer and W.~H. Miller, J.~Chem.~Phys. {\bf 70},  3214  (1979).

\bibitem{Gerber82}
R.~B. Gerber, V. Buch, and M.~A. Ratner, J.~Chem.~Phys. {\bf 77},  3022
  (1982).

\bibitem{Micha83}
D.~A. Micha, J.~Chem.~Phys. {\bf 78},  7138  (1983).

\bibitem{Billing93}
G.~D. Billing, J.~Chem.~Phys. {\bf 99},  5849  (1993).

\bibitem{Stock95}
G. Stock, J.~Chem.~Phys. {\bf 103},  1561  (1995).

\bibitem{Tully71}
J.~C. Tully and R.~K. Preston, J.~Chem.~Phys. {\bf 55},  562  (1971).

\bibitem{Tully90}
J.~C. Tully, J.~Chem.~Phys. {\bf 93},  1061  (1990).

\bibitem{Miller72}
W.~H. Miller and T.~F. George, J.~Chem.~Phys. {\bf 56},  5637  (1972).

\bibitem{Herman84a}
M.~F. Herman, J.~Chem.~Phys. {\bf 81},  754,764  (1984).

\bibitem{Coker93}
D.~F. Coker,  in {\em Computer Simulation in Chemical Physics}, edited by M.~P.
  Allen and D.~J. Tildesley (Kluwer Academic, Dordecht, 1993), p.\ 315.

\bibitem{Thoss99}
M. Thoss and G. Stock, Phys.~Rev.~A {\bf 59},  64  (1999).

\bibitem{Pechukas69}
P. Pechukas, Phys.~Rev. {\bf 181},  174  (1969).

\bibitem{Aleksandrov81}
I.~V. Aleksandrov, Z.\ Naturforsch.\ {\bf 36a},  902  (1981).

\bibitem{Boucher88}
W. Boucher and J. Traschen, Phys. Rev. D {\bf 37},  3522  (1988).

\bibitem{Anderson95}
A. Anderson, Phys.~Rev.~Lett. {\bf 74},  621  (1995).

\bibitem{Anderson96}
{See also the comments of K. R. W. Jones, L. Diosi, and I. R. Senitzky to
  Anderson's article in}, Phys.~Rev.~Lett. {\bf 76},  4087  (1996).

\bibitem{Martens97}
C.~C. Martens and J.-Y. Fang, J.~Chem.~Phys. {\bf 106},  4918  (1997).

\bibitem{Prezhdo97}
O.~V. Prezhdo and V.~V. Kisil, Phys.~Rev.~A {\bf 56},  162  (1997).

\bibitem{Kapral99}
R. Kapral and G. Cicotti, J.~Chem.~Phys. {\bf 110},  8919  (1999).

\bibitem{Caro99}
J. Caro and L.~L. Salcedo, Phys.~Rev.~A {\bf 60},  842  (1999).

\bibitem{Schuette00}
C. Sch\"utte,   (2000).

\bibitem{Wigner32}
E. Wigner, Phys.~Rev. {\bf 40},  749  (1932).

\bibitem{Hillery84}
M. Hillery, R.~F. O'Connell, M.~O. Scully, and E.~P. Wigner, Phys.~Rep. {\bf
  106},  122  (1984).

\bibitem{Mueller98}
{U.~M\"uller} and G. Stock, J.~Chem.~Phys. {\bf 108},  7516  (1998).

\bibitem{Heller91a}
E.~J. Heller,  in {\em Chaos and Quantum Physics}, {\em Les Houches, Session
  LII}, edited by M.~J. Giannoni, A. Voros, and J. Zinn-Justin (North-Holland,
  Amsterdam, 1991).

\bibitem{Jaffe85}
C. Jaffe and P. Brumer, J.~Chem.~Phys. {\bf 82},  2330  (1985).

\bibitem{Donoso98}
A. Donoso and C.~C. Martens, J.~Phys.~Chem. A {\bf 112},  4291  (1998).

\bibitem{Nielsen00}
S. Nielsen, R. Kapral, and G. Cicotti, J.~Chem.~Phys. {\bf 112},  6543  (2000).

\bibitem{Maslov80}
V.~P. Maslov and A.~M. Chebotarev, J.~Sov.~Math. {\bf 13},  315  (1980).

\bibitem{Maslov82}
V.~P. Maslov, J.~Sov.~Math. {\bf 19},  55  (1982).

\bibitem{Bertrand83}
J. Bertrand and G. Rideau, Lett.~Math.~Phys. {\bf 7},  327  (1983).

\bibitem{John87}
S. John and E.~A. Remler, Ann.~Rhys. {\bf 180},  152  (1987).

\bibitem{Schmidt93}
T.~C. Schmidt and {K. M\"ohring}, Phys.~Rev.~A {\bf 48},  3418  (1993).

\bibitem{Schmidt93a}
{T. C. Schmidt, Ph.D. thesis, Freie Universit\"at Berlin (unpuplished)},   .

\bibitem{Filinov95}
V.~S. Filinov, Y.~V. Medvedev, and V.~L. Kamsky, Mol.~Phys. {\bf 85},
  (1995).

\bibitem{Filinov96}
V.~S. Filinov, Mol.~Phys. {\bf 88},  1517  (1996).

\bibitem{Filinov98}
V.~S. Filinov {\it et~al.}, in Berne98  .

\bibitem{Mak96}
C.~H. Mak and R. Egger, Adv.~Chem.~Phys. {\bf 93},  39  (1996).

\bibitem{Wan00}
C.-C. Wan and J. Schofield, J.~Chem.~Phys. {\bf 112},  4447  (2000).

\bibitem{Mueller97}
{U.~M\"uller} and G. Stock, J.~Chem.~Phys. {\bf 107},  6230  (1997).

\bibitem{note1}
{It is noted that the operations (\ref{phase}) and (\ref{traj}) do not commute.
  However, the ordering affects only terms of the order $\delta t^2$.},   .

\bibitem{Sepulveda96}
M.~A. Sep\'ulveda and F. Grossmann, Adv.~Chem.~Phys. {\bf 96},  191  (1996).

\bibitem{Martinez96}
T.~J. Martinez, M. Ben-Nun, and R.~D. Levine, J.~Chem.~Phys. {\bf 100},  7884
  (1996).

\bibitem{Koeppel84}
H. {K\"oppel}, W. Domcke, and L.~S. Cederbaum, Adv.~Chem.~Phys. {\bf 57},  59
  (1984).

\bibitem{Domcke97}
W. Domcke and G. Stock, Adv.~Chem.~Phys. {\bf 100},  1  (1997).

\bibitem{Leggett87}
A.~J. Leggett {\it et~al.}, Rev.~Mod.~Phys. {\bf 59},  1  (1987).

\bibitem{Weiss93}
U. Weiss, {\em Quantum Dissipative Systems} (World Scientific, Singapore,
  1993).

\bibitem{Dilthey01}
S. Dilthey, B. Mehlig, and G. Stock, Phys.~Rev.~A  .

\bibitem{note3}
{See, for example, the reviews of Coker \cite{Coker93} and Tully in
  \cite{Berne98}},   .

\bibitem{Fang99}
{J.-Y. Fang} and S. Hammes-Schiffer, J.~Phys.~Chem. A {\bf 103},  9399  (1999).

\bibitem{Michl90}
J. Michl and {V. Bona\v ci\'c-Kouteck\'y}, {\em Electronic Aspects of Organic
  Photochemistry} (Wiley, New York, 1990).

\bibitem{Bernardi96}
F. Bernardi, M. Olivucci, and M.~A. Robb, Chem.~Soc.~Rev. {\bf 25},  321
  (1996).

\bibitem{Schneider90}
R. Schneider, W. Domcke, and {H.~K\"oppel}, J.~Chem.~Phys. {\bf 92},  1045
  (1990).

\bibitem{Manthe90}
U. Manthe and {H.~K\"oppel}, J.~Chem.~Phys. {\bf 93},  345  (1990).

\bibitem{Manthe90a}
U. Manthe and {H.~K\"oppel}, J.~Chem.~Phys. {\bf 93},  1658  (1990).

\bibitem{Durga92}
{M.~Durga~Prasad}, Chem.~Phys.~Lett. {\bf 194},  27  (1992).

\bibitem{Latha96}
G.~S. Latha and M.~D. Prasad, J.~Chem.~Phys. {\bf 105},  2972  (1996).

\bibitem{Meyer83}
H.-D. Meyer and W.~H. Miller, Chem.~Phys. {\bf 82},  199  (1983).

\bibitem{Stock95a}
G. Stock, J.~Chem.~Phys. {\bf 103},  2888  (1995).

\bibitem{Mueller99}
{U.~M\"uller} and G. Stock, J.~Chem.~Phys. {\bf 111},  77  (1999).

\bibitem{note2}
{As compared to the level density of the higher-lying adiabatic state at a
  given energy},   .

\end{thebibliography}
