% Potentialflaeche

@article{CH3IFlaeche,
AUTHOR = {Y. Amatatsu and K. Morokuma and S. Yabushita},
TITLE  = {},
JOURNAL= {J. Chem. Phys.},
YEAR   = {1991},
VOLUME = {94},
PAGES  = {4858} }

@article{CH3IFlaeche2,
AUTHOR = {Y. Amatatsu and S. Yabushita and K. Morokuma },
TITLE  = {},
JOURNAL= {J. Chem. Phys.},
YEAR   = {1996},
VOLUME = {104},
PAGES  = {9783} }

% Dynamik

@article{Guo,
AUTHOR = {H. Guo},
TITLE  = {},
JOURNAL= {J. Chem. Phys.},
YEAR   = {1992},
VOLUME = {96},
PAGES  = {6629} }

% Experimente

@article{CH3ISolRaman,
AUTHOR = {F. Markel and A. B. Myers},
TITLE  = {},
JOURNAL= {Chem. Phys. Lett.},
YEAR   = {1990},
VOLUME = {167},
PAGES  = {175} }

@article{CH3IRaman1,
AUTHOR = {K.Q. Lao and M.D. Person and P. Xayariboun and L.J. Butler},
TITLE  = {},
JOURNAL= {J. Chem. Phys.},
YEAR   = {1990},
VOLUME = {92},
PAGES  = {823} }

@article{CH3IRaman2,
AUTHOR = {G.E. Galica and B.R. Johnson and J.L. Kinsey and M.O. Hale},
TITLE  = {},
JOURNAL= {J. Phys. Chem.},
YEAR   = {1991},
VOLUME = {95},
PAGES  = {7994} }

@article{CH3IRaman3,
AUTHOR = {M.R. Wedlock and E. Jensen and L.J. Butler and K.F. Freed},
TITLE  = {},
JOURNAL= {J. Phys. Chem.},
YEAR   = {1991},
VOLUME = {95},
PAGES  = {8096} }

@article{CH3IRaman4,
AUTHOR = {P.G. Wang and L.D. Ziegler},
TITLE  = {},
JOURNAL= {J. Phys. Chem.},
YEAR   = {1993},
VOLUME = {97},
PAGES  = {3139} }

@article{CH3IRaman5,
AUTHOR = {M.O. Hale and G.E. Galica and S.G. Glogover and J.L. Kinsey},
TITLE  = {},
JOURNAL= {J. Phys. Chem.},
YEAR   = {1986},
VOLUME = {90},
PAGES  = {} }


% Potentialflaechen

@article{LSTH1,
AUTHOR = {P. Siegbahn and B. Liu},
TITLE  = {},
JOURNAL= {J. Chem. Phys.},
YEAR   = {1978},
VOLUME = {68},
PAGES  = {2457} }

@article{LSTH2,
AUTHOR = {D. G. Truhlar and C. J. Horowitz},
TITLE  = {},
JOURNAL= {J. Chem. Phys.},
YEAR   = {1978},
VOLUME = {68},
PAGES  = {2466} }

@article{LSTH3,
AUTHOR = {D. G. Truhlar and C. J. Horowitz},
TITLE  = {},
JOURNAL= {J. Chem. Phys.},
YEAR   = {1979},
VOLUME = {71},
PAGES  = {1514} }

% Reaktionsraten

@article{RateCol,
AUTHOR = {T. J. Park and J. C. Light},
TITLE  = {},
JOURNAL= {J. Chem. Phys.},
YEAR   = {1988},
VOLUME = {88},
PAGES  = {4897} }

@article{RateHH2,
AUTHOR = {T. J. Park and J. C. Light},
TITLE  = {},
JOURNAL= {J. Chem. Phys.},
YEAR   = {1989},
VOLUME = {91},
PAGES  = {974} }

@article{RateHH22,
AUTHOR = {P. N. Day and D. G. Truhlar},
TITLE  = {},
JOURNAL= {J. Chem. Phys.},
YEAR   = {1991},
VOLUME = {94},
PAGES  = {2045} }

@article{RateDH2,
AUTHOR = {T. J. Park and J. C. Light},
TITLE  = {},
JOURNAL= {J. Chem. Phys.},
YEAR   = {1991},
VOLUME = {94},
PAGES  = {2946} }

@article{RateHD2,
AUTHOR = {T. J. Park and J. C. Light},
TITLE  = {},
JOURNAL= {J. Chem. Phys.},
YEAR   = {1992},
VOLUME = {96},
PAGES  = {8853} }

% Streurechnungen

@article{StreuJ=0,
AUTHOR = {F. Webster and J. C. Light},
TITLE  = {},
JOURNAL= {J. Chem. Phys.},
YEAR   = {1989},
VOLUME = {90},
PAGES  = {265} }

@article{ZM,
AUTHOR = {J. Z. H. Zhang and W. H. Miller},
TITLE  = {},
JOURNAL= {Chem. Phys. Lett.},
YEAR   = {1987},
VOLUME = {140},
PAGES  = {329} }


% MCTDH

@article{JM1,
AUTHOR = {A. J\"ackle and H.-D. Meyer},
TITLE  = {},
JOURNAL= {J. Chem. Phys.},
YEAR   = {1995},
VOLUME = {102},
PAGES  = {5605} }

@article{JM2,
AUTHOR = {A. J\"ackle and H. D. Meyer},
TITLE  = {},
JOURNAL= {J. Chem. Phys.},
YEAR   = {},
VOLUME = {},
PAGES  = {in press} }

@article{WMC,
AUTHOR = {G. A. Worth and H.-D. Meyer and L. S. Cederbaum},
TITLE  = {},
JOURNAL= {J. Chem. Phys.},
YEAR   = {1996},
VOLUME = {105},
PAGES  = {4412} }

@article{Jansen,
AUTHOR = {A. P. J. Jansen},
TITLE  = {},
JOURNAL= {J. Chem. Phys.},
YEAR   = {1993},
VOLUME = {99},
PAGES  = {4055} }

@article{Guo1,
AUTHOR = {J. Y. Fang and H. Guo},
TITLE  = {},
JOURNAL= {J. Chem. Phys.},
YEAR   = {1994},
VOLUME = {101},
PAGES  = {5831} }

@article{Guo2,
AUTHOR = {J. Y. Fang and H. Guo},
TITLE  = {},
JOURNAL= {J. Chem. Phys.},
YEAR   = {1995},
VOLUME = {102},
PAGES  = {1944} }

% TDSCF und MCTDSCF

@article{CPTDSCF,
AUTHOR = {P. Jungwirth and R. B. Gerber},
TITLE  = {},
JOURNAL= {J. Chem. Phys.},
YEAR   = {1995},
VOLUME = {102},
PAGES  = {6046} }

@article{CPTDSCFAnwend,
AUTHOR = {P. Jungwirth and E. Fredj and R. B. Gerber},
TITLE  = {},
JOURNAL= {J. Chem. Phys.},
YEAR   = {1996},
VOLUME = {104},
PAGES  = {9332} }

@article{MakriDVR,
AUTHOR = {E. Sim and N. Makri},
TITLE  = {},
JOURNAL= {J. Chem. Phys.},
YEAR   = {1995},
VOLUME = {102},
PAGES  = {5616} }

@article{CoalsonMCTDSCF,
AUTHOR = {J. Campos-Martinez and R. D. Coalson},
TITLE  = {},
JOURNAL= {J. Chem. Phys.},
YEAR   = {1990},
VOLUME = {93},
PAGES  = {4740} }

@article{MCTDSCF1,
AUTHOR = {N. Makri and W. H. Miller},
TITLE  = {},
JOURNAL= {J. Chem. Phys.},
YEAR   = {1987},
VOLUME = {87},
PAGES  = {5781} }

@article{MCTDSCF2,
AUTHOR = {Z. Kotler and A. Nitzan and R. Kosloff},
TITLE  = {},
JOURNAL= {Chem. Phys. Lett.},
YEAR   = {1988},
VOLUME = {153},
PAGES  = {483} }

@article{MCTDSCF3,
AUTHOR = {R. B. Gerber and R. Alimi},
TITLE  = {},
JOURNAL= {Chem. Phys. Lett.},
YEAR   = {1991},
VOLUME = {184},
PAGES  = {69} }

% Dissipation

@article{WD,
AUTHOR = {B. Wolfseder and W. Domcke},
TITLE  = {},
JOURNAL= {Chem. Phys. Lett.},
YEAR   = {1995},
VOLUME = {235},
PAGES  = {370} }

@article{PfadDomcke,
AUTHOR = {S. Krempl and M. Winterstetter and H. Pl\"ohn and W. Domcke},
TITLE  = {},
JOURNAL= {J. Chem. Phys.},
YEAR   = {1994},
VOLUME = {100},
PAGES  = {926} }

@article{PfadMakri,
AUTHOR = {M. Topaler and N. Makri},
TITLE  = {},
JOURNAL= {J. Chem. Phys.},
YEAR   = {1992},
VOLUME = {97},
PAGES  = {9001} }

@article{RedfieldFriesner,
AUTHOR = {W. T. Pollard and R. A. Friesner},
TITLE  = {},
JOURNAL= {J. Chem. Phys.},
YEAR   = {1994},
VOLUME = {100},
PAGES  = {5054} }

@article{LindbladKosloff,
AUTHOR = {U. Banin and A. Bartana and S. Ruhmann and R. Kosloff},
TITLE  = {},
JOURNAL= {J. Chem. Phys.},
YEAR   = {1994},
VOLUME = {101},
PAGES  = {8461} }

@article{QuantumJump1,
AUTHOR = {J. Dalibard and Y. Castin and K. Molmer},
TITLE  = {},
JOURNAL= {Phys. Rev. Lett.},
YEAR   = {1992},
VOLUME = {68},
PAGES  = {580} }

@article{QuantumJump2,
AUTHOR = {K. Molmer and Y. Castin and J. Dalibard},
TITLE  = {},
JOURNAL= {J. Opt. Soc. Am. B},
YEAR   = {1993},
VOLUME = {10},
PAGES  = {524} }

@article{QuantumJump3,
AUTHOR = {R. Dum and P. Zoller and H. Ritsch},
TITLE  = {},
JOURNAL= {Phys. Rev. A},
YEAR   = {1992},
VOLUME = {45},
PAGES  = {4879} }

@article{QuantumJump4,
AUTHOR = {C. W. Gardiner and A. S. Parkins and P. Zoller},
TITLE  = {},
JOURNAL= {Phys. Rev. A},
YEAR   = {1992},
VOLUME = {46},
PAGES  = {4363} }

% Eigene Papers

@article{MMC,
AUTHOR = {H.-D. Meyer and U. Manthe and L. S. Cederbaum},
TITLE  = {},
JOURNAL= {Chem. Phys. Lett.},
YEAR   = {1990},
VOLUME = {165},
PAGES  = {73} }

@article{MKC2,
AUTHOR = {U. Manthe and H. K\"oppel and L. S. Cederbaum},
TITLE  = {},
JOURNAL= {J. Chem. Phys.},
YEAR   = {1991},
VOLUME = {95},
PAGES  = {1708} }

@article{MMC1,
AUTHOR = {U. Manthe and H.-D. Meyer and L. S. Cederbaum},
TITLE  = {},
JOURNAL= {J. Chem. Phys.},
YEAR   = {1992},
VOLUME = {97},
PAGES  = {3199} }

@article{MMC2,
AUTHOR = {U. Manthe and H.-D. Meyer and L. S. Cederbaum},
TITLE  = {},
JOURNAL= {J. Chem. Phys.},
YEAR   = {1992},
VOLUME = {97},
PAGES  = {9062} }

@article{MM,
AUTHOR = {U. Manthe and W. H. Miller},
TITLE  = {},
JOURNAL= {J. Chem. Phys.},
YEAR   = {1993},
VOLUME = {99},
PAGES  = {3411} }

@article{MH,
AUTHOR = {U. Manthe and A. D. Hammerich},
TITLE  = {},
JOURNAL= {Chem. Phys. Lett.},
YEAR   = {1993},
VOLUME = {211},
PAGES  = {7} }

@article{HM,
AUTHOR = {{A. D. Hammerich, U. Manthe, R. Kosloff, H.-D.Meyer, and L.S. Cederbaum}},
TITLE  = {},
JOURNAL= {J. Chem. Phys.},
YEAR   = {1994},
VOLUME = {101},
PAGES  = {5623} }

@article{MSM1,
AUTHOR = {U. Manthe and T. Seideman and W. H. Miller},
TITLE  = {},
JOURNAL= {J. Chem. Phys.},
YEAR   = {1993},
VOLUME = {99},
PAGES  = {10078} }

@article{MSM2,
AUTHOR = {U. Manthe and T. Seideman and W. H. Miller},
TITLE  = {},
JOURNAL= {J. Chem. Phys.},
YEAR   = {1994},
VOLUME = {101},
PAGES  = {4759} }

@article{M1,
AUTHOR = {U. Manthe},
TITLE  = {},
JOURNAL= {J. Chem. Phys.},
YEAR   = {1995},
VOLUME = {102},
PAGES  = {9205} }

@article{M2,
AUTHOR = {U. Manthe},
TITLE  = {},
JOURNAL= {Chem. Phys. Lett.},
YEAR   = {1995},
VOLUME = {241},
PAGES  = {497} }

@article{M3,
AUTHOR = {U. Manthe},
TITLE  = {},
JOURNAL= {J. Chem. Phys.},
YEAR   = {1996},
VOLUME = {105},
PAGES  = {6989} }

@article{MM1,
AUTHOR = {U. Manthe and F. Matzkies},
TITLE  = {},
JOURNAL= {Chem. Phys. Lett.},
YEAR   = {1996},
VOLUME = {252},
PAGES  = {7} }

@article{MM2,
AUTHOR = {Frank Matzkies and Uwe Manthe},
TITLE  = {},
JOURNAL= {J. Chem. Phys.},
YEAR   = {},
VOLUME = {},
PAGES  = {in press} }

@article{GM1,
AUTHOR = {T. Gerdts and U. Manthe},
TITLE  = {},
JOURNAL= {J. Chem. Phys.},
YEAR   = {},
VOLUME = {},
PAGES  = {in press} }

% Initial state-selected 

@article{NB,
AUTHOR = {D. Neuhauser and M. Baer},
TITLE  = {},
JOURNAL= {J. Chem. Phys.},
YEAR   = {1989},
VOLUME = {91},
PAGES  = {4651} }

@article{NBJK1,
AUTHOR = {D. Neuhauser and M. Baer and R. S. Judson and D. J. Kouri},
TITLE  = {},
JOURNAL= {J. Chem. Phys.},
YEAR   = {1990},
VOLUME = {93},
PAGES  = {312} }

@article{NBJK2,
AUTHOR = {D. Neuhauser and M. Baer and R. S. Judson and D. J. Kouri},
TITLE  = {},
JOURNAL= {Chem. Phys. Lett.},
YEAR   = {1990},
VOLUME = {169},
PAGES  = {372} }

@article{ZZ,
AUTHOR = {D. H. Zhang and J. Z. H. Zhang},
TITLE  = {},
JOURNAL= {J. Chem. Phys.},
YEAR   = {1994},
VOLUME = {101},
PAGES  = {1146} }

@article{N,
AUTHOR = {D. Neuhauser},
TITLE  = {},
JOURNAL= {J. Chem. Phys.},
YEAR   = {1994},
VOLUME = {100},
PAGES  = {9272} }

@article{ZZ5D,
AUTHOR = {D. H. Zhang and J. Z. H. Zhang},
TITLE  = {},
JOURNAL= {J. Chem. Phys.},
YEAR   = {1993},
VOLUME = {99},
PAGES  = {5616} }

% Allgemeine Methodik

@article{DVR1,
AUTHOR = {D. O. Harris and  G. G. Engerholm and W. D. Gwinn},
TITLE  = {},
JOURNAL= {J. Chem. Phys.},
YEAR   = {1965},
VOLUME = {43},
PAGES  = {1515} }

@article{DVR2,
AUTHOR = {A. S. Dickinson and  P. R. Certain},
TITLE  = {},
JOURNAL= {J. Chem. Phys.},
YEAR   = {1968},
VOLUME = {49},
PAGES  = {4209} }

@article{DVR3,
AUTHOR = {J. C. Light and I. P. Hamilton and J. V. Lill},
TITLE  = {},
JOURNAL= {J. Chem. Phys.},
YEAR   = {1985},
VOLUME = {82},
PAGES  = {1400} }

@article{FFT,
AUTHOR = {D. Kosloff and R. Kosloff},
TITLE  = {},
JOURNAL= {J. Comp. Phys.},
YEAR   = {1983},
VOLUME = {52},
PAGES  = {35} }

@article{LanczosIntegrator,
AUTHOR = {T. J. Park and J. C. Light},
TITLE  = {},
JOURNAL= {J. Chem. Phys.},
YEAR   = {1986},
VOLUME = {85},
PAGES  = {5870} }

@article{SplitOperator,
AUTHOR = {M. D. Feit and J. A. Fleck and A. Steiger},
TITLE  = {},
JOURNAL= {J. Comp. Phys.},
YEAR   = {1982},
VOLUME = {47},
PAGES  = {412} }

@article{cutoff,
AUTHOR = {R. Heather and H. Metiu},
TITLE  = {},
JOURNAL= {J. Chem. Phys.},
YEAR   = {1987},
VOLUME = {86},
PAGES  = {5009} }

@article{Filter,
AUTHOR = {D. Neuhauser},
TITLE  = {},
JOURNAL= {J. Chem. Phys.},
YEAR   = {1991},
VOLUME = {95},
PAGES  = {4927} }

% Reaktionsraten Miller et al.

@article{Y,
AUTHOR = {T. Yamamoto},
TITLE  = {},
JOURNAL= {J. Chem. Phys.},
YEAR   = {1960},
VOLUME = {33},
PAGES  = {281} }

@article{M,
AUTHOR = {W. H. Miller},
TITLE  = {},
JOURNAL= {J. Chem. Phys.},
YEAR   = {1974},
VOLUME = {61},
PAGES  = {1823} }

@article{MST,
AUTHOR = {W. H. Miller and  S. D. Schwartz and J. W. Tromp},
TITLE  = {},
JOURNAL= {J. Chem. Phys.},
YEAR   = {1983},
VOLUME = {79},
PAGES  = {4889} }

@article{RateCS,
AUTHOR = {C. W. McCurdy and B. C. Garrett},
TITLE  = {},
JOURNAL= {J. Chem. Phys.},
YEAR   = {1986},
VOLUME = {84},
PAGES  = {2630} }

@article{SM1,
AUTHOR = {T. Seideman and W. H. Miller},
TITLE  = {},
JOURNAL= {J. Chem. Phys.},
YEAR   = {1992},
VOLUME = {96},
PAGES  = {4412} }

@article{SM2,
AUTHOR = {T. Seideman and W. H. Miller},
TITLE  = {},
JOURNAL= {J. Chem. Phys.},
YEAR   = {1992},
VOLUME = {97},
PAGES  = {2499} }

@article{TM,
AUTHOR = {W. H. Thompson and W. H. Miller},
TITLE  = {},
JOURNAL= {J. Chem. Phys.},
YEAR   = {1995},
VOLUME = {102},
PAGES  = {7409} }

% Reaktionsraten Light et al.

% TSWP

@article{ZL,
AUTHOR = {D. H. Zhang and J. C. Light},
TITLE  = {},
JOURNAL= {J. Chem. Phys.},
YEAR   = {1996},
VOLUME = {104},
PAGES  = {6184} }

@article{TSWP,
AUTHOR = {D. H. Zhang and J. C. Light},
TITLE  = {},
JOURNAL= {J. Chem. Phys.},
YEAR   = {1996},
VOLUME = {104},
PAGES  = {6184} }

% alt

@article{RateLanczos,
AUTHOR = {R. E. Wyatt},
TITLE  = {},
JOURNAL= {Chem. Phys. Lett.},
YEAR   = {1985},
VOLUME = {121},
PAGES  = {302} }

@article{RateCol,
AUTHOR = {T. J. Park and J. C. Light},
TITLE  = {},
JOURNAL= {J. Chem. Phys.},
YEAR   = {1988},
VOLUME = {88},
PAGES  = {4897} }

@article{RateHH2,
AUTHOR = {T. J. Park and J. C. Light},
TITLE  = {},
JOURNAL= {J. Chem. Phys.},
YEAR   = {1989},
VOLUME = {91},
PAGES  = {974} }

@article{RateHH22,
AUTHOR = {P. N. Day and D. G. Truhlar},
TITLE  = {},
JOURNAL= {J. Chem. Phys.},
YEAR   = {1991},
VOLUME = {94},
PAGES  = {2045} }

@article{RateDH2,
AUTHOR = {T. J. Park and J. C. Light},
TITLE  = {},
JOURNAL= {J. Chem. Phys.},
YEAR   = {1991},
VOLUME = {94},
PAGES  = {2946} }

@article{RateOHD,
AUTHOR = {P. N. Day and D. G. Truhlar},
TITLE  = {},
JOURNAL= {J. Chem. Phys.},
YEAR   = {1991},
VOLUME = {95},
PAGES  = {5097} }

@article{RateHD2,
AUTHOR = {T. J. Park and J. C. Light},
TITLE  = {},
JOURNAL= {J. Chem. Phys.},
YEAR   = {1992},
VOLUME = {96},
PAGES  = {8853} }

% Reaktionsraten zeitabhaengig

@article{InitialCol,
AUTHOR = {D. Neuhauser and M. Baer},
TITLE  = {},
JOURNAL= {J. Chem. Phys.},
YEAR   = {1989},
VOLUME = {91},
PAGES  = {4651} }

@article{Cf1,
AUTHOR = {G. Wahnstr\"om and H. Metiu},
TITLE  = {},
JOURNAL= {Chem. Phys. Lett.},
YEAR   = {1987},
VOLUME = {134},
PAGES  = {531} }

@article{Cf2,
AUTHOR = {M. Thachuk and G. C. Schatz},
TITLE  = {},
JOURNAL= {J. Chem. Phys.},
YEAR   = {1992},
VOLUME = {97},
PAGES  = {7297} }

@article{CfQMClass,
AUTHOR = {G. Wahnstr\"om and B. Carmeli and H. Metiu},
TITLE  = {},
JOURNAL= {J. Chem. Phys.},
YEAR   = {1988},
VOLUME = {88},
PAGES  = {2478} }

@article{NOClFlaeche,
AUTHOR = {R. Schinke and M. Nonella and H.U. Suter and J.R. Huber},
TITLE  = {},
JOURNAL= {J. Chem. Phys.},
YEAR   = {1990},
VOLUME = {93},
PAGES  = {1098} }

%

@article{Bowman,
AUTHOR = {J. M. Bowman},
TITLE  = {},
JOURNAL= {J. Chem. Phys.},
YEAR   = {1991},
VOLUME = {95},
PAGES  = {4960} }

@article{coltonschatz,
AUTHOR = {M. C. Colton and G. C. Schatz},
TITLE  = {},
JOURNAL= {Int. J. Chem. Kinet.},
YEAR   = {1986},
VOLUME = {18},
PAGES  = {961} }

@article{,
AUTHOR = {},
TITLE  = {},
JOURNAL= {},
YEAR   = {},
VOLUME = {},
PAGES  = {} }

