% Symmetrie Paper

@article{LH,
AUTHOR = {H. C. Longuet-Higgins},
TITLE  = {The symmetry groups of non-rigid molecules},
JOURNAL= {Mol. Phys.},
YEAR   = {2002},
VOLUME = {100},
PAGES  = {11} }

@article{A,
AUTHOR = {S. L. Altmann},
TITLE  = {The symmetry of nonrigid molecules: The Schroedinger supergroup},
JOURNAL= {Proc. R. Soc. A},
YEAR   = {1967},
VOLUME = {298},
PAGES  = {184} }

@article{B1,
AUTHOR = {A. V. Burenin},
TITLE  = {PF5},
JOURNAL= {Opt. Spectrosc.},
YEAR   = {2002},
VOLUME = {92},
PAGES  = {45} }

@article{Hou,
AUTHOR = {J. T. Hougen},
TITLE  = {Permutation-inversion groups},
JOURNAL= {J. Mol. Spectrosc.},
YEAR   = {2009},
VOLUME = {256},
PAGES  = {170} }

@book{BJ,
AUTHOR   = {P. R. Bunker and P. Jensen},
TITLE    = {Molecular Symmetry and Spectroscopy},
PUBLISHER= {NRC Research, Ottawa },
YEAR     = {1998} }

@book{Bu,
AUTHOR   = {A. V. Burenin},
TITLE    = {Symmetry of Intramolecular Quantum Dynamics},
PUBLISHER= {De Gruyter, Berlin/Boston},
YEAR     = {2012} }
