% TDSCF und MCTDSCF

@article{MakriDVR,
AUTHOR = {E. Sim and N. Makri},
TITLE  = {},
JOURNAL= {J. Chem. Phys.},
YEAR   = {1995},
VOLUME = {102},
PAGES  = {5616} }

@article{CoalsonMCTDSCF,
AUTHOR = {J. Campos-Martinez and R. D. Coalson},
TITLE  = {},
JOURNAL= {J. Chem. Phys.},
YEAR   = {1990},
VOLUME = {93},
PAGES  = {4740} }

% Hartree

@article{CPTDSCF,
AUTHOR = {P. Jungwirth and R. B. Gerber},
TITLE  = {},
JOURNAL= {J. Chem. Phys.},
YEAR   = {1995},
VOLUME = {102},
PAGES  = {6046} }

@article{CPTDSCF2,
AUTHOR = {P. Jungwirth and R. B. Gerber},
TITLE  = {},
JOURNAL= {J. Chem. Phys.},
YEAR   = {1996},
VOLUME = {104},
PAGES  = {5803} }

@article{CPTDSCFAnwend,
AUTHOR = {P. Jungwirth and E. Fredj and R. B. Gerber},
TITLE  = {},
JOURNAL= {J. Chem. Phys.},
YEAR   = {1996},
VOLUME = {104},
PAGES  = {9332} }

@article{CPTDSCF3,
AUTHOR = {P. Jungwirth and E. Fredj and R. B. Gerber},
TITLE  = {},
JOURNAL= {J. Chem. Phys.},
YEAR   = {1996},
VOLUME = {104},
PAGES  = {9332} }

% Quantenklassisch

@article{QCTDSCF1,
AUTHOR = {R. Alimi and R. B. Gerber and A. D. Hammerich and R. Kosloff and M. A. Ratner},
TITLE  = {},
JOURNAL= {J. Chem. Phys.},
YEAR   = {1990},
VOLUME = {93},
PAGES  = {6484} }

@article{QCTDSCF2,
AUTHOR = {R. Alimi and R. B. Gerber},
TITLE  = {},
JOURNAL= {Phys. Rev. Lett.},
YEAR   = {1990},
VOLUME = {64},
PAGES  = {1453} }

@article{QCTDSCF3,
AUTHOR = {A. Garcia-Vela and R. B. Gerber and J. J. Valentini},
TITLE  = {},
JOURNAL= {J. Chem. Phys.},
YEAR   = {1992},
VOLUME = {97},
PAGES  = {3297} }

@article{QCTDSCF4,
AUTHOR = {A. Garcia-Vela and R. B. Gerber and D. G. Imre},
TITLE  = {},
JOURNAL= {J. Chem. Phys.},
YEAR   = {1992},
VOLUME = {97},
PAGES  = {7242} }

% Hammes-Schiffer

@article{MDQT1,
AUTHOR = {S. Hammer-Schiffer and J. C. Tully},
TITLE  = {},
JOURNAL= {J. Chem. Phys.},
YEAR   = {1994},
VOLUME = {101},
PAGES  = {4657} }

@article{MDQT2,
AUTHOR = {S. Hammer-Schiffer},
TITLE  = {},
JOURNAL= {J. Chem. Phys.},
YEAR   = {1996},
VOLUME = {105},
PAGES  = {2236} }

@article{MDQT3,
AUTHOR = {K. Drukker and S. Hammer-Schiffer},
TITLE  = {},
JOURNAL= {J. Chem. Phys.},
YEAR   = {1997},
VOLUME = {107},
PAGES  = {363} }

% Dirac-Frenkel

@article{Dirac,
AUTHOR = {P. A. M. Dirac},
TITLE  = {},
JOURNAL= {Proc. Cambrigde Philos. Soc.},
YEAR   = {1930},
VOLUME = {26},
PAGES  = {376} }

@article{TDRH,
AUTHOR = {H.-D. Meyer and J. Kucar and L.S. Cederbaum},
TITLE  = {},
JOURNAL= {J. Math. Phys.},
YEAR   = {1988},
VOLUME = {29},
PAGES  = {1419} }
