% van der Waals

@article{ExpvdW1,
AUTHOR = {J. A. Blazy and B. M. DeKoven and T. D. Russell and D. H. Levy},
TITLE  = {},
JOURNAL= {J. Chem. Phys.},
YEAR   = {1980},
VOLUME = {72},
PAGES  = {2439} }

@article{ExpI2Nealt,
AUTHOR = {J. E. Kenny and K. E. Johnson and W. Sharfin and D. H. Levy},
TITLE  = {},
JOURNAL= {J. Chem. Phys.},
YEAR   = {1980},
VOLUME = {72},
PAGES  = {1109} }

@article{ExpBr2Ne,
AUTHOR = {B. A. Swartz and D. E. Brinza and C. M. Western and K. C. Janda},
TITLE  = {},
JOURNAL= {J. Phys. Chem.},
YEAR   = {1984},
VOLUME = {88},
PAGES  = {6272} }

@article{ExpIClNe,
AUTHOR = {J. C. Drobits and M. I. Lester},
TITLE  = {},
JOURNAL= {J. Chem. Phys.},
YEAR   = {1987},
VOLUME = {86},
PAGES  = {1662} }

@article{ExpCl2Ne,
AUTHOR = {S. R. Hair and J. I. Cline and C. R. Bieler and K. C. Janda},
TITLE  = {},
JOURNAL= {J. Chem. Phys.},
YEAR   = {1989},
VOLUME = {90},
PAGES  = {2935} }

@article{ExpCl2Ar,
AUTHOR = {C. R. Bieler and D. D. Evard and K. C. Janda},
TITLE  = {},
JOURNAL= {J. Chem. Phys.},
YEAR   = {1990},
VOLUME = {94},
PAGES  = {7452} }

@article{ExpCl2He,
AUTHOR = {W. D. Sands and C. R. Bieler and K. C. Janda},
TITLE  = {},
JOURNAL= {J. Chem. Phys.},
YEAR   = {1991},
VOLUME = {95},
PAGES  = {729} }

@article{ExpI2Ne,
AUTHOR = {M. Gutman and D. M. Willberg and A. H. Zewail},
TITLE  = {},
JOURNAL= {J. Chem. Phys.},
YEAR   = {1992},
VOLUME = {97},
PAGES  = {8048} }

@article{QMvdW1,
AUTHOR = {P. Villarreal and A. Varade and G. Delgado-Barrio},
TITLE  = {},
JOURNAL= {J. Chem. Phys.},
YEAR   = {1989},
VOLUME = {90},
PAGES  = {2684} }

@article{QMvdW2,
AUTHOR = {F. Le Quere and S. K. Gray},
TITLE  = {},
JOURNAL= {J. Chem. Phys.},
YEAR   = {1993},
VOLUME = {98},
PAGES  = {5396} }

@article{QMI2Ne2,
AUTHOR = {O. Roncero and G. Delgado-Barrio and M. I. Hermandez and J. Campos-Martinez and P. Villarreal},
TITLE  = {},
JOURNAL= {Chem. Phys. Lett.},
YEAR   = {1995},
VOLUME = {246},
PAGES  = {187} }

@article{TrajvdW1,
AUTHOR = {A. Garcia-Vela and J. Rubayo-Soneira and G. Delgado-Barrio and P. Villarreal},
TITLE  = {},
JOURNAL= {J. Chem. Phys.},
YEAR   = {1996},
VOLUME = {104},
PAGES  = {8405} }

@article{TrajvdW2,
AUTHOR = {A. Bastida and J. Zuniga and A. Requena and N. Halberstadt and J. A. Beswick},
TITLE  = {},
JOURNAL= {J. Chem. Phys.},
YEAR   = {1998},
VOLUME = {109},
PAGES  = {6320} }

@article{,
AUTHOR = {},
TITLE  = {},
JOURNAL= {J. Chem. Phys.},
YEAR   = {},
VOLUME = {},
PAGES  = {} }

