% VSCF

@article{VSCF1,
AUTHOR = {G. D. Carney and L. I. Sprandel and C. W. Kern},
TITLE  = {},
JOURNAL= {Adv. Chem. Phys.},
YEAR   = {1978},
VOLUME = {37},
PAGES  = {305} }

@article{VSCF2,
AUTHOR = {J. M. Bowman},
TITLE  = {SELF-CONSISTENT FIELD ENERGIES AND WAVEFUNCTIONS FOR COUPLED OSCILLATORS},
JOURNAL= {J. Chem. Phys.},
YEAR   = {1978},
VOLUME = {68},
PAGES  = {608-610} }

@article{VSCFCI,
AUTHOR = {J. M. Bowman and K. Christoffel and F. Tobin},
TITLE  = {APPLICATION OF SCF-SI THEORY TO VIBRATIONAL MOTION IN
 POLYATOMIC-MOLECULES},
JOURNAL= {J. Phys. Chem.},
YEAR   = {1979},
VOLUME = {83},
PAGES  = {905-912} }

% review

@article{VibReviewBCM,
AUTHOR = {J. M. Bowman and T. Carrington and H.-D. Meyer},
TITLE  = {Variational quantum approaches for computing vibrational energies of
 polyatomic molecules},
JOURNAL= {Mol. Phys.},
YEAR   = {2008},
VOLUME = {106},
PAGES  = {2145-2182} }

@article{Multimode,
AUTHOR = {J. M. Bowman and S. Carter and X. Huang},
TITLE  = {MULTIMODE: a code to calculate rovibrational energies of polyatomic
 molecules},
JOURNAL= {Int. Rev. Phys. Chem.},
YEAR   = {2003},
VOLUME = {22},
PAGES  = {533-549} }

@article{VCCChristiansen2009,
AUTHOR = {P. Seidler and O. Christiansen},
TITLE  = {Automatic derivation and evaluation of vibrational coupled cluster theory equations},
JOURNAL= {J. Chem. Phys.},
YEAR   = {2009},
VOLUME = {131},
PAGES  = {234109} }

@article{VCIRauhut2009,
AUTHOR = {M. Neff and G. Rauhut},
TITLE  = {Toward large scale vibrational configuration interaction calculations},
JOURNAL= {J. Chem. Phys.},
YEAR   = {2009},
VOLUME = {131},
PAGES  = {124129} }

@article{RoVibProduct,
AUTHOR = {C. Fabri and E. Matyus and T. Furtenbacher and L. Nemes and B. Mihaly and T. Zoltani and A. G. Csaszar},
TITLE  = {Variational quantum mechanical and active database approaches to the
   rotational-vibrational spectroscopy of ketene, H2CCO},    
JOURNAL= {J. Chem. Phys.},
YEAR   = {2011},
VOLUME = {135},
PAGES  = {094307} }
 
