% Reviews
@article{VibCoupRev,
AUTHOR = {H. K\"oppel and W. Domcke and L.S. Cederbaum},
TITLE  = {},
JOURNAL= {Adv. Chem. Phys.},
YEAR   = {1984},
VOLUME = {57},
PAGES  = {59} }

@book{VibCoupRev2,
EDITOR = {W. Domcke and D. R. Yarkony and H. K\"oppel},
TITLE  = {Conical Intersections: Theory, Computation and Experiment},
PUBLISHER = {World Scientific},
YEAR = {2011}}

@article{VibCoupRev3,
Author = {M. Ben-Nun and T. J. Martinez},
Title = {{Ab initio quantum molecular dynamics}},
JOURNAL = {Adv. Chem. Phys.},
Year = {2002},
Volume = {121},
PAGES= {439}}

@article{VibCoupRev4,
AUTHOR = {G. A. Worth and M. A. Robb}, 
TITLE  = {},
JOURNAL= {Adv. Chem. Phys.},
YEAR   = {2002},
VOLUME = {124},
PAGES = {355} }

@article{NLSpecRev,
AUTHOR = {W. Domcke and G. Stock},
TITLE  = {},
JOURNAL= {Adv. Chem. Phys.},
YEAR   = {1997},
VOLUME = {100},
PAGES  = {1} }

%Pyrazin 
@article{Pyrazin3D1,
AUTHOR = {R. Schneider and W. Domcke},
TITLE  = {S1-S2 CONICAL INTERSECTION AND ULTRAFAST S2-]S1 INTERNAL-CONVERSION IN PYRAZINE},
JOURNAL= {Chem. Phys. Lett.},
YEAR   = {1988},
VOLUME = {150},
PAGES  = {235} }

@article{Pyrazin3D2,
AUTHOR = {R. Schneider and W. Domcke and H. K\"oppel},
TITLE  = {ASPECTS OF DISSIPATIVE ELECTRONIC AND VIBRATIONAL DYNAMICS OF STRONGLY VIBRONICALLY COUPLED SYSTEMS},
JOURNAL= {J. Chem. Phys.},
YEAR   = {1990},
VOLUME = {92},
PAGES  = {1045} }

@article{PyrazinPumpProbe,
AUTHOR = {G. Stock and R. Schneider and W. Domcke},
TITLE  = {Theoretical studies on the femtosecond real-time measurement
of ultrafast electronic decay in polyatomic molecules},
JOURNAL= {J. Chem. Phys.},
YEAR   = {1989},
VOLUME = {90},
PAGES  = {7184} }

@article{PyrazinResRaman,
AUTHOR = {G. Stock and W. Domcke},
TITLE  = {Theory of resonance Raman scattering and fluorescence from strongly vibronically coupled excited states of polyatomic molecules},
JOURNAL= {J. Chem. Phys.},
YEAR   = {1990},
VOLUME = {93},
PAGES  = {5496} }

@article{Pyrazin4D1,
AUTHOR = {L. Seidner and G. Stock and A. L. Sobolewski and W. Domcke},
TITLE  = {AB INITIO CHARACTERIZATION OF THE S1-S2 CONICAL INTERSECTION IN PYRAZINE AND CALCULATION OF SPECTRA},
JOURNAL= {J. Chem. Phys.},
YEAR   = {1992},
VOLUME = {96},
PAGES  = {5298} }

@article{Pyrazin4D2,
AUTHOR = {C. Woywood and W. Domcke and A. L. Sobolewski and H.-J. Werner},
TITLE  = {Characterization of the S1–S2 conical intersection in pyrazine using ab initio multiconfiguration self‐consistent‐field and multireference configuration‐interaction methods},
JOURNAL= {J. Chem. Phys.},
YEAR   = {1994},
VOLUME = {100},
PAGES  = {1400} }

@article{PyrazinPI1,
AUTHOR = {S. Krempl and M. Winterstetter and  H. Pl\"ohn and W. Domcke},
TITLE  = {PATH-INTEGRAL TREATMENT OF MULTIMODE VIBRONIC COUPLING},
JOURNAL= {J. Chem. Phys.},
YEAR   = {1994},
VOLUME = {100},
PAGES  = {926} }

@article{PyrazinPI2,
AUTHOR = {S. Krempl and M. Winterstetter and H. Pl\"ohn and W. Domcke},
TITLE  = {Path‐integral treatment of multi‐mode vibronic coupling. II. Correlation expansion of class averages},
JOURNAL= {J. Chem. Phys.},
YEAR   = {1995},
VOLUME = {103},
PAGES  = {6499} }

% Pyrazin as benchmark

@article{PyrazinSMCTDH,
Author = {Worth, GA},
Title = {{Accurate wave packet propagation for large molecular systems: The
   multiconfiguration time-dependent Hartree (MCTDH) method with selected
   configurations}},
Journal = {{J. Chem. Phys.}},
Year = {{2000}},
Volume = {{112}},
PAGES= {{8322}}}

@article{PyrazinSemiCl,
Author = {Thoss, M and Miller, WH and Stock, G},
Title = {{Semiclassical description of nonadiabatic quantum dynamics: Application
   to the S-1-S-2 conical intersection in pyrazine}},
Journal = {{J. Chem. Phys.}},
Year = {{2000}},
Volume = {{112}},
PAGES= {{10282}}}

@article{PyrazinMPSOFT,
Author = {Chen, Xin and Batista, Victor S.},
Title = {Matching-pursuit/split-operator-Fourier-transform simulations of
   excited-state nonadiabatic quantum dynamics in pyrazine},
Journal = {{J. Chem. Phys.}},
Year = {{2006}},
Volume = {{125}},
PAGES = {{124313}}}

@article{PyrazinQMCl,
Author = {Puzari, Panchanan and Sarkar, Biplab and Adhikari, Satrajit},
Title = {{A quantum-classical approach to the molecular dynamics of pyrazine with
   a realistic model Hamiltonian}},
Journal = {{J. Chem. Phys.}},
Year = {{2006}},
Volume = {{125}},
PAGES = {{194316}}}

@article{PyrazinGMCTDH+vMCG,
Author = {Burghardt, I. and Giri, K. and Worth, G. A.},
Title = {Multimode quantum dynamics using Gaussian wavepackets: The
   Gaussian-based multiconfiguration time-dependent Hartree (G-MCTDH)
   method applied to the absorption spectrum of pyrazine},
Journal = {J. Chem. Phys.},
Year = {2008},
Volume = {129},
PAGES = {174104}}

@article{PyrazinEhrenfest,
Author = {D. V. Shalashilin},
Title = {Nonadiabatic dynamics with the help of multiconfigurational Ehrenfest
   method: Improved theory and fully quantum 24D simulation of pyrazine},
Journal = {J. Chem. Phys.},
Year = {2010},
Volume = {132},
PAGES = {244111}
}

@article{PyrazinEhrenfest2,
Author = {D. V. Shalashilin},
Title = {Multiconfigurational Ehrenfest approach to quantum coherent dynamics in large molecular systems},
Journal = {Faraday Discuss.},
Year = {2011},
Volume = {153},
Pages = {105}}

@article{PyrazinSystemBath,
Author = {Christopher, PS and Shapiro, M and Brumer, P},
Title = {Efficient partitioning technique for computing the dynamics of
   intramolecular processes: Radiationless transitions in pyrazine},
Journal = {J. Chem. Phys.},
Year = {2006},
Volume = {124},
PAGES = {184107}}

@article{PyrazinSystemBath2,
Author = {Thanopulos, Ioannis and Brumer, Paul and Shapiro, Moshe},
Title = {Intramolecular energy transfer dynamics in 24-mode pyrazine by
   partitioning technique: A time-dependent approach},
Journal = {J. Chem. Phys.},
Year = {2010},
Volume = {133},
PAGES = {154111}}



