
@article{ ISI:000286897600040,
Author = {Vendrell, Oriol and Meyer, Hans-Dieter},
Title = {{Multilayer multiconfiguration time-dependent Hartree method:
   Implementation and applications to a Henon-Heiles Hamiltonian and to
   pyrazine}},
Journal = {{JOURNAL OF CHEMICAL PHYSICS}},
Year = {{2011}},
Volume = {{134}},
Number = {{4}},
Month = {{JAN 28}},
DOI = {{10.1063/1.3535541}},
Article-Number = {{044135}},
Times-Cited = {{8}},
Unique-ID = {{ISI:000286897600040}},
}

@article{ ISI:000296205100008,
Author = {Shalashilin, Dmitrii V.},
Title = {{Multiconfigurational Ehrenfest approach to quantum coherent dynamics in
   large molecular systems}},
Journal = {{FARADAY DISCUSSIONS}},
Year = {{2011}},
Volume = {{153}},
Pages = {{105-116}},
DOI = {{10.1039/c1fd00034a}},
Times-Cited = {{1}},
Unique-ID = {{ISI:000296205100008}},
}

@article{ ISI:000283359300016,
Author = {Thanopulos, Ioannis and Brumer, Paul and Shapiro, Moshe},
Title = {{Intramolecular energy transfer dynamics in 24-mode pyrazine by
   partitioning technique: A time-dependent approach}},
Journal = {{JOURNAL OF CHEMICAL PHYSICS}},
Year = {{2010}},
Volume = {{133}},
Number = {{15}},
Month = {{OCT 21}},
DOI = {{10.1063/1.3495953}},
Article-Number = {{154111}},
Times-Cited = {{3}},
Unique-ID = {{ISI:000283359300016}},
}

@article{ ISI:000281743800026,
Author = {Kelly, Aaron and Kapral, Raymond},
Title = {{Quantum-classical description of environmental effects on electronic
   dynamics at conical intersections}},
Journal = {{JOURNAL OF CHEMICAL PHYSICS}},
Year = {{2010}},
Volume = {{133}},
Number = {{8}},
Month = {{AUG 28}},
DOI = {{10.1063/1.3475773}},
Article-Number = {{084502}},
Times-Cited = {{4}},
Unique-ID = {{ISI:000281743800026}},
}

@article{ ISI:000279740200016,
Author = {Shalashilin, Dmitrii V.},
Title = {{Nonadiabatic dynamics with the help of multiconfigurational Ehrenfest
   method: Improved theory and fully quantum 24D simulation of pyrazine}},
Journal = {{JOURNAL OF CHEMICAL PHYSICS}},
Year = {{2010}},
Volume = {{132}},
Number = {{24}},
Month = {{JUN 28}},
DOI = {{10.1063/1.3442747}},
Article-Number = {{244111}},
Times-Cited = {{6}},
Unique-ID = {{ISI:000279740200016}},
}

@article{ ISI:000277468900010,
Author = {Thompson, Alexis L. and Punwong, Chutintorn and Martinez, Todd J.},
Title = {{Optimization of width parameters for quantum dynamics with frozen
   Gaussian basis sets}},
Journal = {{CHEMICAL PHYSICS}},
Year = {{2010}},
Volume = {{370}},
Number = {{1-3}},
Pages = {{70-77}},
Month = {{MAY 12}},
DOI = {{10.1016/j.chemphys.2010.03.020}},
Times-Cited = {{7}},
Unique-ID = {{ISI:000277468900010}},
}

@article{ ISI:000284776700007,
Author = {Penfold, T. J. and Worth, G. A. and Meier, C.},
Title = {{Local control of multidimensional dynamics}},
Journal = {{PHYSICAL CHEMISTRY CHEMICAL PHYSICS}},
Year = {{2010}},
Volume = {{12}},
Number = {{48}},
Pages = {{15616-15627}},
DOI = {{10.1039/c003768k}},
Times-Cited = {{4}},
Unique-ID = {{ISI:000284776700007}},
}

@article{ ISI:000260777400008,
Author = {Burghardt, I. and Giri, K. and Worth, G. A.},
Title = {{Multimode quantum dynamics using Gaussian wavepackets: The
   Gaussian-based multiconfiguration time-dependent Hartree (G-MCTDH)
   method applied to the absorption spectrum of pyrazine}},
Journal = {{JOURNAL OF CHEMICAL PHYSICS}},
Year = {{2008}},
Volume = {{129}},
Number = {{17}},
Month = {{NOV 7}},
DOI = {{10.1063/1.2996349}},
Article-Number = {{174104}},
Times-Cited = {{14}},
Unique-ID = {{ISI:000260777400008}},
}

@article{ ISI:000249181100009,
Author = {Barbatti, Mario and Granucci, Giovanni and Persico, Maurizio and
   Ruckenbauer, Matthias and Vazdar, Mario and Eckert-Maksic, Mirjana and
   Lischka, Hans},
Title = {{The on-the-fly surface-hopping program system NEWTON-X: Application to
   ab initio simulation of the nonadiabatic photodynamics of benchmark
   systems}},
Journal = {{JOURNAL OF PHOTOCHEMISTRY AND PHOTOBIOLOGY A-CHEMISTRY}},
Year = {{2007}},
Volume = {{190}},
Number = {{2-3}},
Pages = {{228-240}},
Month = {{AUG 15}},
DOI = {{10.1016/j.jphotochem.2006.12.008}},
Times-Cited = {{87}},
Unique-ID = {{ISI:000249181100009}},
}

@article{ ISI:000247367200003,
Author = {Lasorne, B. and Robb, M. A. and Worth, G. A.},
Title = {{Direct quantum dynamics using variational multi-configuration Gaussian
   wavepackets. Implementation details and test case}},
Journal = {{PHYSICAL CHEMISTRY CHEMICAL PHYSICS}},
Year = {{2007}},
Volume = {{9}},
Number = {{25}},
Pages = {{3210-3227}},
DOI = {{10.1039/b700297a}},
Times-Cited = {{22}},
Unique-ID = {{ISI:000247367200003}},
}

@article{ ISI:000246652300024,
Author = {Levine, Benjamin G. and Martinez, Todd J.},
Title = {{Isomerization through conical intersections}},
Journal = {{ANNUAL REVIEW OF PHYSICAL CHEMISTRY}},
Series = {{Annual Review of Physical Chemistry}},
Year = {{2007}},
Volume = {{58}},
Pages = {{613-634}},
DOI = {{10.1146/annurev.physchem.57.032905.104612}},
Times-Cited = {{138}},
Unique-ID = {{ISI:000246652300024}},
}

@article{ ISI:000242181800032,
Author = {Puzari, Panchanan and Sarkar, Biplab and Adhikari, Satrajit},
Title = {{A quantum-classical approach to the molecular dynamics of pyrazine with
   a realistic model Hamiltonian}},
Journal = {{JOURNAL OF CHEMICAL PHYSICS}},
Year = {{2006}},
Volume = {{125}},
Number = {{19}},
Month = {{NOV 21}},
DOI = {{10.1063/1.2393228}},
Article-Number = {{194316}},
Times-Cited = {{18}},
Unique-ID = {{ISI:000242181800032}},
}

@article{ ISI:000240877000024,
Author = {Chen, Xin and Batista, Victor S.},
Title = {{Matching-pursuit/split-operator-Fourier-transform simulations of
   excited-state nonadiabatic quantum dynamics in pyrazine}},
Journal = {{JOURNAL OF CHEMICAL PHYSICS}},
Year = {{2006}},
Volume = {{125}},
Number = {{12}},
Month = {{SEP 28}},
DOI = {{10.1063/1.2356477}},
Article-Number = {{124313}},
Times-Cited = {{13}},
Unique-ID = {{ISI:000240877000024}},
}

@article{ ISI:000240877000021,
Author = {Christopher, P. S. and Shapiro, M. and Brumer, P.},
Title = {{Quantum control of internal conversion in 24-vibrational-mode pyrazine}},
Journal = {{JOURNAL OF CHEMICAL PHYSICS}},
Year = {{2006}},
Volume = {{125}},
Number = {{12}},
Month = {{SEP 28}},
DOI = {{10.1063/1.2346684}},
Article-Number = {{124310}},
Times-Cited = {{15}},
Unique-ID = {{ISI:000240877000021}},
}

@article{ ISI:000237477800009,
Author = {Christopher, PS and Shapiro, M and Brumer, P},
Title = {{Efficient partitioning technique for computing the dynamics of
   intramolecular processes: Radiationless transitions in pyrazine}},
Journal = {{JOURNAL OF CHEMICAL PHYSICS}},
Year = {{2006}},
Volume = {{124}},
Number = {{18}},
Month = {{MAY 14}},
DOI = {{10.1063/1.2196888}},
Article-Number = {{184107}},
Times-Cited = {{5}},
Unique-ID = {{ISI:000237477800009}},
}

@article{ ISI:000226807000004,
Author = {Jasper, AW and Truhlar, DG},
Title = {{Conical intersections and semiclassical trajectories: Comparison to
   accurate quantum dynamics and analyses of the trajectories}},
Journal = {{JOURNAL OF CHEMICAL PHYSICS}},
Year = {{2005}},
Volume = {{122}},
Number = {{4}},
Month = {{JAN 22}},
DOI = {{10.1063/1.1829031}},
Article-Number = {{044101}},
Times-Cited = {{21}},
Unique-ID = {{ISI:000226807000004}},
}

@incollection{ ISI:000182624100007,
Author = {Worth, GA and Robb, MA},
Editor = {{Baer, M and Billing, GD}},
Title = {{Applying direct molecular dynamics to non-adiabatic systems}},
Booktitle = {{ROLE OF DEGENERATE STATES IN CHEMISTRY}},
Series = {{Advances in Chemical Physics}},
Year = {{2002}},
Volume = {{124}},
Pages = {{355-431}},
Times-Cited = {{51}},
Unique-ID = {{ISI:000182624100007}},
}

@incollection{ ISI:000175129800007,
Author = {Ben-Nun, M and Martinez, TJ},
Title = {{Ab initio quantum molecular dynamics}},
Booktitle = {{ADVANCES IN CHEMICAL PHYSICS, VOLUME 121}},
Series = {{ADVANCES IN CHEMICAL PHYSICS}},
Year = {{2002}},
Volume = {{121}},
Pages = {{439-512}},
DOI = {{10.1002/0471264318.ch7}},
Times-Cited = {{143}},
Unique-ID = {{ISI:000175129800007}},
}

@article{ ISI:000087479100026,
Author = {Thoss, M and Miller, WH and Stock, G},
Title = {{Semiclassical description of nonadiabatic quantum dynamics: Application
   to the S-1-S-2 conical intersection in pyrazine}},
Journal = {{JOURNAL OF CHEMICAL PHYSICS}},
Year = {{2000}},
Volume = {{112}},
Number = {{23}},
Pages = {{10282-10292}},
Month = {{JUN 15}},
DOI = {{10.1063/1.481668}},
Times-Cited = {{90}},
Unique-ID = {{ISI:000087479100026}},
}

@article{ ISI:000086778300015,
Author = {Worth, GA},
Title = {{Accurate wave packet propagation for large molecular systems: The
   multiconfiguration time-dependent Hartree (MCTDH) method with selected
   configurations}},
Journal = {{JOURNAL OF CHEMICAL PHYSICS}},
Year = {{2000}},
Volume = {{112}},
Number = {{19}},
Pages = {{8322-8329}},
Month = {{MAY 15}},
DOI = {{10.1063/1.481438}},
Times-Cited = {{12}},
Unique-ID = {{ISI:000086778300015}},
}

@article{ ISI:000084318700059,
Author = {Ben-Nun, M and Martinez, TJ},
Title = {{Electronic absorption and resonance Raman spectroscopy from ab initio
   quantum molecular dynamics}},
Journal = {{JOURNAL OF PHYSICAL CHEMISTRY A}},
Year = {{1999}},
Volume = {{103}},
Number = {{49}},
Pages = {{10517-10527}},
Month = {{DEC 9}},
DOI = {{10.1021/jp992197r}},
Times-Cited = {{40}},
Unique-ID = {{ISI:000084318700059}},
}
