%X+CH4

@article{XCH4rev,
Author = {Czako, Gabor and Bowman, Joel M.},
Title = {{Reaction Dynamics of Methane with F, O, Cl, and Br on ab Initio
   Potential Energy Surfaces}},
Journal = {{JOURNAL OF PHYSICAL CHEMISTRY A}},
Year = {{2014}},
Volume = {{118}},
Pages = {{2839-2864}},
}

